<DATE>	<TIME>	<BID>	<ASK>	<LAST>	<VOLUME>	<FLAGS>
2024.03.29	00:00:08.626	1.65617	1.65629			6
2024.03.29	00:00:08.671	1.65612	1.65634			6
2024.03.29	00:00:08.789	1.65598	1.65642			6
2024.03.29	00:00:09.055	1.65608	1.65634			6
2024.03.29	00:00:09.172	1.65594	1.65656			6
2024.03.29	00:00:09.172	1.65589	1.65650			6
2024.03.29	00:00:09.202		1.65653			4
2024.03.29	00:00:09.202	1.65591				2
2024.03.29	00:00:09.202		1.65656			4
2024.03.29	00:00:09.214		1.65655			4
2024.03.29	00:00:09.215		1.65658			4
2024.03.29	00:00:09.240	1.65592				2
2024.03.29	00:00:09.350	1.65606	1.65637			6
2024.03.29	00:00:09.350		1.65639			4
2024.03.29	00:00:09.351		1.65642			4
2024.03.29	00:00:14.141		1.65638			4
2024.03.29	00:00:15.153		1.65636			4
2024.03.29	00:00:16.153		1.65633			4
2024.03.29	00:00:19.060		1.65632			4
2024.03.29	00:00:21.089		1.65633			4
2024.03.29	00:00:22.382		1.65628			4
2024.03.29	00:00:40.058	1.65608	1.65626			6
2024.03.29	00:00:41.132	1.65604	1.65622			6
2024.03.29	00:00:43.239	1.65605	1.65628			6
2024.03.29	00:00:43.530		1.65630			4
2024.03.29	00:00:43.634	1.65606	1.65638			6
2024.03.29	00:00:44.251	1.65600	1.65632			6
2024.03.29	00:00:45.350	1.65605	1.65639			6
2024.03.29	00:00:49.569	1.65576	1.65641			6
2024.03.29	00:00:49.870	1.65573				2
2024.03.29	00:00:50.069	1.65576	1.65643			6
2024.03.29	00:00:50.283		1.65641			4
2024.03.29	00:00:50.469	1.65568				2
2024.03.29	00:00:50.685	1.65573				2
2024.03.29	00:00:52.089	1.65576				2
2024.03.29	00:00:52.298	1.65570				2
2024.03.29	00:00:54.100		1.65629			4
2024.03.29	00:00:54.220		1.65634			4
2024.03.29	00:00:54.311		1.65631			4
2024.03.29	00:00:54.511	1.65567				2
2024.03.29	00:00:55.120		1.65632			4
2024.03.29	00:00:55.300		1.65629			4
2024.03.29	00:00:55.420		1.65626			4
2024.03.29	00:00:56.129	1.65562				2
2024.03.29	00:00:57.320	1.65567				2
2024.03.29	00:00:57.532	1.65562				2
2024.03.29	00:01:00.952	1.65562	1.65628			6
2024.03.29	00:01:01.163	1.65560	1.65623			6
2024.03.29	00:01:02.164	1.65592	1.65666			6
2024.03.29	00:01:02.571		1.65663			4
2024.03.29	00:01:02.663		1.65664			4
2024.03.29	00:01:02.759	1.65593	1.65666			6
2024.03.29	00:01:02.879	1.65591	1.65665			6
2024.03.29	00:01:03.063		1.65668			4
2024.03.29	00:01:03.152	1.65593	1.65671			6
2024.03.29	00:01:03.484		1.65668			4
2024.03.29	00:01:03.964	1.65550	1.65632			6
2024.03.29	00:01:04.179		1.65622			4
2024.03.29	00:01:05.083	1.65553	1.65624			6
2024.03.29	00:01:05.562		1.65626			4
2024.03.29	00:01:08.112	1.65603	1.65679			6
2024.03.29	00:01:08.701	1.65544	1.65641			6
2024.03.29	00:01:08.890	1.65542	1.65631			6
2024.03.29	00:01:09.104	1.65545	1.65632			6
2024.03.29	00:01:09.201	1.65550				2
2024.03.29	00:01:09.504		1.65638			4
2024.03.29	00:01:09.710		1.65634			4
2024.03.29	00:01:10.124	1.65555				2
2024.03.29	00:01:10.413	1.65550	1.65633			6
2024.03.29	00:01:10.533	1.65547	1.65631			6
2024.03.29	00:01:10.591		1.65632			4
2024.03.29	00:01:11.122	1.65545	1.65630			6
2024.03.29	00:01:12.514		1.65625			4
2024.03.29	00:01:12.723		1.65628			4
2024.03.29	00:01:12.814		1.65634			4
2024.03.29	00:01:12.935	1.65546	1.65636			6
2024.03.29	00:01:13.024	1.65542	1.65630			6
2024.03.29	00:01:13.241	1.65540	1.65625			6
2024.03.29	00:01:13.537	1.65545	1.65623			6
2024.03.29	00:01:13.751	1.65540	1.65620			6
2024.03.29	00:01:14.151		1.65618			4
2024.03.29	00:01:15.351	1.65543	1.65620			6
2024.03.29	00:01:16.151	1.65540	1.65618			6
2024.03.29	00:01:16.771		1.65616			4
2024.03.29	00:01:16.860		1.65619			4
2024.03.29	00:01:17.139		1.65618			4
2024.03.29	00:01:17.260		1.65620			4
2024.03.29	00:01:18.183	1.65534	1.65614			6
2024.03.29	00:01:18.245	1.65535				2
2024.03.29	00:01:18.582		1.65612			4
2024.03.29	00:01:18.674	1.65534				2
2024.03.29	00:01:18.869	1.65532				2
2024.03.29	00:01:19.076		1.65610			4
2024.03.29	00:01:20.480	1.65537	1.65618			6
2024.03.29	00:01:20.593	1.65545	1.65625			6
2024.03.29	00:01:20.684	1.65537	1.65615			6
2024.03.29	00:01:20.997	1.65532	1.65612			6
2024.03.29	00:01:21.396	1.65530	1.65610			6
2024.03.29	00:01:24.789	1.65531				2
2024.03.29	00:01:25.426	1.65534	1.65612			6
2024.03.29	00:01:26.123	1.65535				2
2024.03.29	00:01:26.930	1.65537	1.65615			6
2024.03.29	00:01:28.659	1.65538	1.65617			6
2024.03.29	00:01:30.439	1.65534	1.65615			6
2024.03.29	00:01:30.858	1.65537				2
2024.03.29	00:01:31.161		1.65612			4
2024.03.29	00:01:32.736	1.65536				2
2024.03.29	00:01:32.859	1.65537				2
2024.03.29	00:01:33.789	1.65531	1.65610			6
2024.03.29	00:01:34.081	1.65533	1.65612			6
2024.03.29	00:01:34.459	1.65542	1.65614			6
2024.03.29	00:01:34.672	1.65544	1.65620			6
2024.03.29	00:01:34.967	1.65541	1.65618			6
2024.03.29	00:01:35.091	1.65544				2
2024.03.29	00:01:35.180		1.65620			4
2024.03.29	00:01:35.689	1.65546	1.65623			6
2024.03.29	00:01:35.780	1.65549	1.65625			6
2024.03.29	00:01:37.091	1.65546	1.65623			6
2024.03.29	00:01:39.131		1.65620			4
2024.03.29	00:01:39.222	1.65545				2
2024.03.29	00:01:43.447	1.65542				2
2024.03.29	00:01:43.536	1.65552	1.65633			6
2024.03.29	00:01:43.736	1.65549	1.65630			6
2024.03.29	00:01:44.141	1.65545	1.65628			6
2024.03.29	00:01:47.179		1.65623			4
2024.03.29	00:01:48.069		1.65620			4
2024.03.29	00:01:49.975	1.65623	1.65699			6
2024.03.29	00:01:50.096	1.65632	1.65707			6
2024.03.29	00:01:50.277		1.65704			4
2024.03.29	00:01:50.890		1.65700			4
2024.03.29	00:01:51.080	1.65626				2
2024.03.29	00:01:51.380	1.65630	1.65703			6
2024.03.29	00:01:51.893	1.65631				2
2024.03.29	00:01:52.079		1.65704			4
2024.03.29	00:01:52.879	1.65632	1.65707			6
2024.03.29	00:01:53.089	1.65631	1.65703			6
2024.03.29	00:01:53.604	1.65634	1.65707			6
2024.03.29	00:01:53.904	1.65635	1.65704			6
2024.03.29	00:01:53.999		1.65702			4
2024.03.29	00:01:54.601	1.65562	1.65649			6
2024.03.29	00:01:54.811		1.65647			4
2024.03.29	00:01:54.909	1.65557	1.65645			6
2024.03.29	00:01:55.523	1.65560	1.65651			6
2024.03.29	00:01:55.704	1.65563	1.65649			6
2024.03.29	00:01:56.229	1.65574				2
2024.03.29	00:01:56.500		1.65661			4
2024.03.29	00:01:56.620		1.65664			4
2024.03.29	00:01:57.142		1.65652			4
2024.03.29	00:01:57.234		1.65655			4
2024.03.29	00:01:57.325		1.65664			4
2024.03.29	00:01:58.850		1.65654			4
2024.03.29	00:02:00.361	1.65574	1.65667			6
2024.03.29	00:02:00.540		1.65670			4
2024.03.29	00:02:00.661		1.65675			4
2024.03.29	00:02:00.750		1.65679			4
2024.03.29	00:02:00.839	1.65572	1.65677			6
2024.03.29	00:02:00.960		1.65674			4
2024.03.29	00:02:01.768		1.65677			4
2024.03.29	00:02:01.860		1.65668			4
2024.03.29	00:02:02.050		1.65670			4
2024.03.29	00:02:02.171	1.65567	1.65662			6
2024.03.29	00:02:02.442		1.65665			4
2024.03.29	00:02:03.072		1.65663			4
2024.03.29	00:02:03.162		1.65666			4
2024.03.29	00:02:03.373		1.65664			4
2024.03.29	00:02:03.869		1.65666			4
2024.03.29	00:02:04.563		1.65663			4
2024.03.29	00:02:05.374		1.65661			4
2024.03.29	00:02:06.091	1.65564				2
2024.03.29	00:02:06.877		1.65658			4
2024.03.29	00:02:06.968		1.65654			4
2024.03.29	00:02:07.089		1.65650			4
2024.03.29	00:02:07.978		1.65648			4
2024.03.29	00:02:08.086		1.65650			4
2024.03.29	00:02:08.206		1.65648			4
2024.03.29	00:02:08.491		1.65651			4
2024.03.29	00:02:08.912		1.65644			4
2024.03.29	00:02:09.102		1.65645			4
2024.03.29	00:02:09.286		1.65639			4
2024.03.29	00:02:09.407		1.65648			4
2024.03.29	00:02:09.500		1.65647			4
2024.03.29	00:02:09.711		1.65651			4
2024.03.29	00:02:10.120		1.65650			4
2024.03.29	00:02:10.210		1.65653			4
2024.03.29	00:02:10.609	1.65574	1.65662			6
2024.03.29	00:02:11.122	1.65569	1.65657			6
2024.03.29	00:02:13.124	1.65570	1.65654			6
2024.03.29	00:02:14.149		1.65647			4
2024.03.29	00:02:14.246		1.65654			4
2024.03.29	00:02:14.731		1.65656			4
2024.03.29	00:02:14.842		1.65653			4
2024.03.29	00:02:15.145		1.65656			4
2024.03.29	00:02:17.255		1.65652			4
2024.03.29	00:02:17.460		1.65650			4
2024.03.29	00:02:17.762	1.65567	1.65637			6
2024.03.29	00:02:17.952		1.65639			4
2024.03.29	00:02:18.071		1.65649			4
2024.03.29	00:02:18.251		1.65645			4
2024.03.29	00:02:20.693	1.65564	1.65646			6
2024.03.29	00:02:21.184	1.65567				2
2024.03.29	00:02:21.286		1.65644			4
2024.03.29	00:02:23.610		1.65648			4
2024.03.29	00:02:23.698		1.65651			4
2024.03.29	00:02:24.001		1.65638			4
2024.03.29	00:02:24.091		1.65636			4
2024.03.29	00:02:24.303		1.65638			4
2024.03.29	00:02:24.497		1.65636			4
2024.03.29	00:02:26.121		1.65638			4
2024.03.29	00:02:26.290		1.65633			4
2024.03.29	00:02:26.416		1.65635			4
2024.03.29	00:02:27.427		1.65636			4
2024.03.29	00:02:27.525		1.65642			4
2024.03.29	00:02:27.616		1.65640			4
2024.03.29	00:02:28.099		1.65637			4
2024.03.29	00:02:33.844		1.65648			4
2024.03.29	00:02:33.963		1.65649			4
2024.03.29	00:02:34.059		1.65651			4
2024.03.29	00:02:34.168		1.65649			4
2024.03.29	00:02:34.781	1.65577	1.65662			6
2024.03.29	00:02:34.979	1.65582	1.65664			6
2024.03.29	00:02:35.088	1.65575	1.65659			6
2024.03.29	00:02:36.075		1.65656			4
2024.03.29	00:02:36.861		1.65655			4
2024.03.29	00:02:38.287	1.65574	1.65642			6
2024.03.29	00:02:38.407	1.65575	1.65652			6
2024.03.29	00:02:38.708		1.65649			4
2024.03.29	00:02:38.798		1.65653			4
2024.03.29	00:02:39.009		1.65655			4
2024.03.29	00:02:39.101	1.65570	1.65650			6
2024.03.29	00:02:39.281		1.65641			4
2024.03.29	00:02:39.375		1.65648			4
2024.03.29	00:02:39.495		1.65650			4
2024.03.29	00:02:39.782		1.65651			4
2024.03.29	00:02:39.982		1.65650			4
2024.03.29	00:02:40.103	1.65567	1.65647			6
2024.03.29	00:02:40.501		1.65646			4
2024.03.29	00:02:40.712		1.65644			4
2024.03.29	00:02:41.700		1.65643			4
2024.03.29	00:02:41.821	1.65566	1.65631			6
2024.03.29	00:02:42.342	1.65565	1.65633			6
2024.03.29	00:02:43.710		1.65636			4
2024.03.29	00:02:43.931		1.65633			4
2024.03.29	00:02:44.131		1.65631			4
2024.03.29	00:02:45.242	1.65585	1.65655			6
2024.03.29	00:02:45.333	1.65584	1.65650			6
2024.03.29	00:02:45.422		1.65647			4
2024.03.29	00:02:45.662	1.65585	1.65654			6
2024.03.29	00:02:46.131	1.65583	1.65651			6
2024.03.29	00:02:46.251	1.65580				2
2024.03.29	00:02:46.342	1.65579	1.65650			6
2024.03.29	00:02:46.552		1.65646			4
2024.03.29	00:02:46.852		1.65649			4
2024.03.29	00:02:47.152	1.65577	1.65646			6
2024.03.29	00:02:48.067		1.65645			4
2024.03.29	00:02:48.673	1.65578	1.65649			6
2024.03.29	00:02:48.869	1.65575	1.65646			6
2024.03.29	00:02:49.159		1.65642			4
2024.03.29	00:02:49.346		1.65645			4
2024.03.29	00:02:49.560		1.65644			4
2024.03.29	00:02:50.088		1.65645			4
2024.03.29	00:02:50.568		1.65641			4
2024.03.29	00:02:51.265	1.65573				2
2024.03.29	00:02:51.673	1.65574	1.65645			6
2024.03.29	00:02:51.988	1.65573	1.65644			6
2024.03.29	00:02:52.489		1.65642			4
2024.03.29	00:02:52.790	1.65572				2
2024.03.29	00:02:53.080		1.65641			4
2024.03.29	00:02:53.599	1.65569	1.65636			6
2024.03.29	00:02:53.899		1.65634			4
2024.03.29	00:02:54.100		1.65636			4
2024.03.29	00:02:54.607		1.65634			4
2024.03.29	00:02:55.111		1.65630			4
2024.03.29	00:02:55.411		1.65632			4
2024.03.29	00:02:56.119		1.65630			4
2024.03.29	00:02:56.330	1.65579	1.65643			6
2024.03.29	00:02:57.121	1.65576	1.65644			6
2024.03.29	00:02:58.135		1.65640			4
2024.03.29	00:02:58.618		1.65641			4
2024.03.29	00:02:58.739		1.65640			4
2024.03.29	00:02:58.830		1.65643			4
2024.03.29	00:02:59.132		1.65644			4
2024.03.29	00:02:59.846		1.65647			4
2024.03.29	00:02:59.936		1.65641			4
2024.03.29	00:03:00.029	1.65571	1.65639			6
2024.03.29	00:03:03.260		1.65640			4
2024.03.29	00:03:03.350		1.65637			4
2024.03.29	00:03:04.269		1.65640			4
2024.03.29	00:03:05.354		1.65642			4
2024.03.29	00:03:05.873		1.65640			4
2024.03.29	00:03:14.720		1.65639			4
2024.03.29	00:03:15.134		1.65640			4
2024.03.29	00:03:15.942	1.65570				2
2024.03.29	00:03:17.563		1.65639			4
2024.03.29	00:03:17.839	1.65575	1.65641			6
2024.03.29	00:03:18.043		1.65643			4
2024.03.29	00:03:18.565		1.65641			4
2024.03.29	00:03:19.042		1.65643			4
2024.03.29	00:03:20.891	1.65570	1.65640			6
2024.03.29	00:03:20.979		1.65639			4
2024.03.29	00:03:21.491	1.65575	1.65641			6
2024.03.29	00:03:21.788	1.65570	1.65639			6
2024.03.29	00:03:22.079	1.65575	1.65643			6
2024.03.29	00:03:22.293		1.65640			4
2024.03.29	00:03:23.081		1.65641			4
2024.03.29	00:03:23.201		1.65640			4
2024.03.29	00:03:23.411		1.65634			4
2024.03.29	00:03:23.470		1.65632			4
2024.03.29	00:03:24.093		1.65633			4
2024.03.29	00:03:24.311		1.65635			4
2024.03.29	00:03:24.598	1.65574	1.65630			6
2024.03.29	00:03:24.811	1.65572	1.65632			6
2024.03.29	00:03:25.005		1.65630			4
2024.03.29	00:03:25.188		1.65632			4
2024.03.29	00:03:26.109	1.65569	1.65634			6
2024.03.29	00:03:26.210		1.65628			4
2024.03.29	00:03:26.285		1.65632			4
2024.03.29	00:03:26.396		1.65635			4
2024.03.29	00:03:26.606	1.65570	1.65631			6
2024.03.29	00:03:27.116	1.65544				2
2024.03.29	00:03:29.841	1.65572	1.65630			6
2024.03.29	00:03:30.142		1.65628			4
2024.03.29	00:03:31.037		1.65629			4
2024.03.29	00:03:31.872		1.65628			4
2024.03.29	00:03:35.085	1.65570	1.65625			6
2024.03.29	00:03:35.869		1.65627			4
2024.03.29	00:03:36.079	1.65565	1.65625			6
2024.03.29	00:03:38.109		1.65622			4
2024.03.29	00:03:39.075		1.65624			4
2024.03.29	00:03:39.197		1.65628			4
2024.03.29	00:03:39.376		1.65627			4
2024.03.29	00:03:40.104		1.65633			4
2024.03.29	00:03:40.380		1.65625			4
2024.03.29	00:03:41.018		1.65624			4
2024.03.29	00:03:41.107		1.65631			4
2024.03.29	00:03:41.201		1.65628			4
2024.03.29	00:03:41.503		1.65627			4
2024.03.29	00:03:41.821		1.65625			4
2024.03.29	00:03:41.919		1.65624			4
2024.03.29	00:03:42.094		1.65625			4
2024.03.29	00:03:42.320		1.65624			4
2024.03.29	00:03:43.117		1.65627			4
2024.03.29	00:03:43.525		1.65625			4
2024.03.29	00:03:43.621		1.65627			4
2024.03.29	00:03:43.711		1.65624			4
2024.03.29	00:03:44.044	1.65572	1.65631			6
2024.03.29	00:03:44.112		1.65633			4
2024.03.29	00:03:44.303		1.65631			4
2024.03.29	00:03:45.129		1.65633			4
2024.03.29	00:03:46.125		1.65631			4
2024.03.29	00:03:46.830	1.65575	1.65636			6
2024.03.29	00:03:47.250		1.65638			4
2024.03.29	00:03:48.159	1.65572	1.65633			6
2024.03.29	00:03:48.432		1.65636			4
2024.03.29	00:03:48.749		1.65638			4
2024.03.29	00:03:49.644		1.65639			4
2024.03.29	00:03:50.148		1.65638			4
2024.03.29	00:03:50.348		1.65633			4
2024.03.29	00:03:50.780		1.65631			4
2024.03.29	00:03:50.870	1.65569	1.65628			6
2024.03.29	00:03:51.068	1.65574	1.65634			6
2024.03.29	00:03:51.570		1.65635			4
2024.03.29	00:03:55.207	1.65572				2
2024.03.29	00:03:57.098	1.65570	1.65633			6
2024.03.29	00:03:57.421		1.65635			4
2024.03.29	00:03:58.118	1.65567	1.65630			6
2024.03.29	00:03:59.117	1.65565	1.65628			6
2024.03.29	00:03:59.342	1.65564	1.65633			6
2024.03.29	00:03:59.629		1.65630			4
2024.03.29	00:03:59.933	1.65567	1.65622			6
2024.03.29	00:04:00.023	1.65566	1.65619			6
2024.03.29	00:04:00.952		1.65620			4
2024.03.29	00:04:01.042		1.65617			4
2024.03.29	00:04:01.132	1.65564	1.65616			6
2024.03.29	00:04:01.252		1.65620			4
2024.03.29	00:04:01.326		1.65618			4
2024.03.29	00:04:02.054		1.65620			4
2024.03.29	00:04:02.571		1.65615			4
2024.03.29	00:04:02.857		1.65618			4
2024.03.29	00:04:03.461	1.65565	1.65614			6
2024.03.29	00:04:03.654		1.65616			4
2024.03.29	00:04:03.765		1.65619			4
2024.03.29	00:04:05.351		1.65617			4
2024.03.29	00:04:05.472		1.65610			4
2024.03.29	00:04:06.083		1.65613			4
2024.03.29	00:04:06.466		1.65608			4
2024.03.29	00:04:07.070		1.65610			4
2024.03.29	00:04:10.377		1.65608			4
2024.03.29	00:04:15.439		1.65613			4
2024.03.29	00:04:15.530		1.65610			4
2024.03.29	00:04:16.162		1.65613			4
2024.03.29	00:04:17.137		1.65610			4
2024.03.29	00:04:21.164	1.65568	1.65599			6
2024.03.29	00:04:22.469		1.65598			4
2024.03.29	00:04:23.087		1.65604			4
2024.03.29	00:04:24.008		1.65602			4
2024.03.29	00:04:24.602		1.65601			4
2024.03.29	00:04:25.799		1.65602			4
2024.03.29	00:04:26.109		1.65605			4
2024.03.29	00:04:27.716		1.65602			4
2024.03.29	00:04:27.930		1.65601			4
2024.03.29	00:04:28.111		1.65605			4
2024.03.29	00:04:30.207		1.65610			4
2024.03.29	00:04:31.128		1.65608			4
2024.03.29	00:04:31.848		1.65605			4
2024.03.29	00:04:32.170		1.65607			4
2024.03.29	00:04:35.067		1.65610			4
2024.03.29	00:04:35.767		1.65606			4
2024.03.29	00:04:36.069		1.65607			4
2024.03.29	00:04:41.111	1.65569	1.65598			6
2024.03.29	00:04:42.129		1.65604			4
2024.03.29	00:04:43.029	1.65568				2
2024.03.29	00:04:43.121		1.65608			4
2024.03.29	00:04:43.295		1.65610			4
2024.03.29	00:04:43.521		1.65611			4
2024.03.29	00:04:44.108		1.65613			4
2024.03.29	00:04:45.936		1.65611			4
2024.03.29	00:04:48.158		1.65609			4
2024.03.29	00:04:50.471		1.65610			4
2024.03.29	00:04:50.658		1.65603			4
2024.03.29	00:04:51.079		1.65604			4
2024.03.29	00:04:52.077	1.65569	1.65610			6
2024.03.29	00:04:56.109		1.65613			4
2024.03.29	00:04:58.517		1.65619			4
2024.03.29	00:04:59.104		1.65616			4
2024.03.29	00:05:00.019	1.65569	1.65609			6
2024.03.29	00:05:00.221		1.65603			4
2024.03.29	00:05:00.321		1.65604			4
2024.03.29	00:05:01.117		1.65606			4
2024.03.29	00:05:02.151		1.65604			4
2024.03.29	00:05:03.126		1.65607			4
2024.03.29	00:05:03.636		1.65604			4
2024.03.29	00:05:03.725		1.65607			4
2024.03.29	00:05:04.145		1.65604			4
2024.03.29	00:05:04.651		1.65603			4
2024.03.29	00:05:04.832		1.65606			4
2024.03.29	00:05:05.468	1.65568	1.65610			6
2024.03.29	00:05:06.066		1.65607			4
2024.03.29	00:05:06.281		1.65612			4
2024.03.29	00:05:06.660		1.65609			4
2024.03.29	00:05:06.869		1.65612			4
2024.03.29	00:05:07.090		1.65610			4
2024.03.29	00:05:07.180		1.65608			4
2024.03.29	00:05:07.567		1.65607			4
2024.03.29	00:05:07.657		1.65608			4
2024.03.29	00:05:09.087		1.65607			4
2024.03.29	00:05:09.287		1.65608			4
2024.03.29	00:05:12.530		1.65605			4
2024.03.29	00:05:12.620		1.65608			4
2024.03.29	00:05:12.818	1.65572	1.65607			6
2024.03.29	00:05:13.520		1.65604			4
2024.03.29	00:05:13.609		1.65605			4
2024.03.29	00:05:14.111		1.65607			4
2024.03.29	00:05:15.148		1.65605			4
2024.03.29	00:05:16.124		1.65607			4
2024.03.29	00:05:16.221		1.65605			4
2024.03.29	00:05:16.340		1.65607			4
2024.03.29	00:05:17.138		1.65610			4
2024.03.29	00:05:17.330		1.65607			4
2024.03.29	00:05:17.742		1.65605			4
2024.03.29	00:05:18.160		1.65603			4
2024.03.29	00:05:21.057		1.65604			4
2024.03.29	00:05:21.363		1.65603			4
2024.03.29	00:05:21.483		1.65601			4
2024.03.29	00:05:21.664		1.65598			4
2024.03.29	00:05:22.285		1.65596			4
2024.03.29	00:05:22.374	1.65573	1.65605			6
2024.03.29	00:05:23.301		1.65616			4
2024.03.29	00:05:26.395		1.65617			4
2024.03.29	00:05:26.609		1.65620			4
2024.03.29	00:05:26.788		1.65619			4
2024.03.29	00:05:27.719	1.65581	1.65620			6
2024.03.29	00:05:27.800	1.65573	1.65619			6
2024.03.29	00:05:28.110		1.65621			4
2024.03.29	00:05:28.201		1.65624			4
2024.03.29	00:05:28.410		1.65625			4
2024.03.29	00:05:29.139		1.65623			4
2024.03.29	00:05:36.467		1.65620			4
2024.03.29	00:05:39.097		1.65623			4
2024.03.29	00:05:39.397		1.65624			4
2024.03.29	00:05:43.109		1.65618			4
2024.03.29	00:05:44.126		1.65622			4
2024.03.29	00:05:44.427		1.65616			4
2024.03.29	00:05:44.819	1.65572				2
2024.03.29	00:05:45.745	1.65571	1.65612			6
2024.03.29	00:05:46.749		1.65615			4
2024.03.29	00:05:47.123	1.65572	1.65616			6
2024.03.29	00:05:48.158	1.65571	1.65615			6
2024.03.29	00:05:52.280	1.65572	1.65616			6
2024.03.29	00:05:52.371	1.65571	1.65615			6
2024.03.29	00:05:53.771	1.65572	1.65616			6
2024.03.29	00:05:53.891	1.65571	1.65609			6
2024.03.29	00:05:54.079		1.65612			4
2024.03.29	00:05:54.199	1.65572	1.65619			6
2024.03.29	00:05:54.999		1.65622			4
2024.03.29	00:05:55.095		1.65619			4
2024.03.29	00:05:58.211		1.65616			4
2024.03.29	00:06:00.721	1.65567				2
2024.03.29	00:06:02.830		1.65619			4
2024.03.29	00:06:02.951		1.65616			4
2024.03.29	00:06:07.078		1.65614			4
2024.03.29	00:06:08.681		1.65618			4
2024.03.29	00:06:08.803		1.65614			4
2024.03.29	00:06:13.515	1.65566	1.65595			6
2024.03.29	00:06:17.146		1.65603			4
2024.03.29	00:06:17.356		1.65601			4
2024.03.29	00:06:18.150		1.65598			4
2024.03.29	00:06:22.800		1.65601			4
2024.03.29	00:06:26.698		1.65602			4
2024.03.29	00:06:27.208		1.65604			4
2024.03.29	00:06:27.529		1.65601			4
2024.03.29	00:06:28.118		1.65599			4
2024.03.29	00:06:28.301		1.65601			4
2024.03.29	00:06:29.108		1.65604			4
2024.03.29	00:06:33.248		1.65606			4
2024.03.29	00:06:33.448		1.65604			4
2024.03.29	00:06:35.579		1.65606			4
2024.03.29	00:06:37.458		1.65603			4
2024.03.29	00:06:41.712	1.65567	1.65598			6
2024.03.29	00:06:47.758	1.65568	1.65599			6
2024.03.29	00:06:47.849	1.65567	1.65598			6
2024.03.29	00:06:53.084	1.65568	1.65611			6
2024.03.29	00:06:53.173	1.65567	1.65623			6
2024.03.29	00:06:53.384		1.65620			4
2024.03.29	00:06:53.674		1.65621			4
2024.03.29	00:06:53.894	1.65568	1.65616			6
2024.03.29	00:06:54.079	1.65567	1.65618			6
2024.03.29	00:06:54.577		1.65620			4
2024.03.29	00:06:55.080		1.65618			4
2024.03.29	00:06:55.290	1.65566	1.65617			6
2024.03.29	00:06:55.485	1.65567	1.65616			6
2024.03.29	00:06:55.677		1.65617			4
2024.03.29	00:06:55.799		1.65616			4
2024.03.29	00:06:57.102	1.65566	1.65615			6
2024.03.29	00:06:57.222	1.65567	1.65616			6
2024.03.29	00:06:57.510	1.65566	1.65613			6
2024.03.29	00:06:59.226		1.65609			4
2024.03.29	00:06:59.529		1.65613			4
2024.03.29	00:06:59.729		1.65610			4
2024.03.29	00:06:59.911		1.65609			4
2024.03.29	00:07:01.044	1.65567	1.65614			6
2024.03.29	00:07:01.135	1.65572	1.65609			6
2024.03.29	00:07:02.134		1.65606			4
2024.03.29	00:07:07.778		1.65611			4
2024.03.29	00:07:07.869		1.65613			4
2024.03.29	00:07:09.109		1.65616			4
2024.03.29	00:07:09.273		1.65613			4
2024.03.29	00:07:09.801		1.65615			4
2024.03.29	00:07:11.110		1.65620			4
2024.03.29	00:07:12.119		1.65617			4
2024.03.29	00:07:17.960		1.65618			4
2024.03.29	00:07:19.067		1.65620			4
2024.03.29	00:07:22.256		1.65616			4
2024.03.29	00:07:22.981		1.65617			4
2024.03.29	00:07:23.102		1.65613			4
2024.03.29	00:07:24.099		1.65610			4
2024.03.29	00:07:24.389		1.65614			4
2024.03.29	00:07:24.480		1.65612			4
2024.03.29	00:07:25.100		1.65609			4
2024.03.29	00:07:26.098		1.65612			4
2024.03.29	00:07:27.798	1.65571	1.65610			6
2024.03.29	00:07:28.120	1.65572	1.65609			6
2024.03.29	00:07:29.112		1.65612			4
2024.03.29	00:07:29.308		1.65609			4
2024.03.29	00:07:30.121		1.65612			4
2024.03.29	00:07:35.148		1.65607			4
2024.03.29	00:07:36.080		1.65612			4
2024.03.29	00:07:37.081		1.65605			4
2024.03.29	00:07:38.187		1.65606			4
2024.03.29	00:07:39.089	1.65571	1.65603			6
2024.03.29	00:07:41.095	1.65572	1.65606			6
2024.03.29	00:07:47.133		1.65609			4
2024.03.29	00:07:48.370		1.65610			4
2024.03.29	00:07:48.459		1.65608			4
2024.03.29	00:07:49.058		1.65610			4
2024.03.29	00:07:49.269		1.65607			4
2024.03.29	00:07:50.171		1.65604			4
2024.03.29	00:07:51.168		1.65606			4
2024.03.29	00:07:51.297		1.65609			4
2024.03.29	00:07:51.878		1.65606			4
2024.03.29	00:07:56.011		1.65609			4
2024.03.29	00:07:56.196		1.65608			4
2024.03.29	00:07:56.387		1.65605			4
2024.03.29	00:07:57.107		1.65608			4
2024.03.29	00:07:58.511		1.65606			4
2024.03.29	00:07:58.630		1.65609			4
2024.03.29	00:07:59.538		1.65612			4
2024.03.29	00:07:59.659		1.65608			4
2024.03.29	00:07:59.720		1.65609			4
2024.03.29	00:08:00.054	1.65572	1.65608			6
2024.03.29	00:08:02.260	1.65573	1.65596			6
2024.03.29	00:08:02.349		1.65593			4
2024.03.29	00:08:02.559		1.65596			4
2024.03.29	00:08:02.742		1.65595			4
2024.03.29	00:08:07.284	1.65572	1.65594			6
2024.03.29	00:08:07.403		1.65596			4
2024.03.29	00:08:08.690		1.65594			4
2024.03.29	00:08:10.110	1.65573	1.65597			6
2024.03.29	00:08:12.124	1.65572	1.65594			6
2024.03.29	00:08:18.757	1.65573	1.65599			6
2024.03.29	00:08:18.877		1.65596			4
2024.03.29	00:08:19.073		1.65595			4
2024.03.29	00:08:19.254		1.65592			4
2024.03.29	00:08:20.055		1.65595			4
2024.03.29	00:08:21.072	1.65572	1.65597			6
2024.03.29	00:08:21.193		1.65585			4
2024.03.29	00:08:21.289		1.65583			4
2024.03.29	00:08:22.197	1.65571	1.65586			6
2024.03.29	00:08:24.497		1.65584			4
2024.03.29	00:08:24.724		1.65589			4
2024.03.29	00:08:25.098		1.65592			4
2024.03.29	00:08:26.121		1.65589			4
2024.03.29	00:08:26.312		1.65590			4
2024.03.29	00:08:29.038		1.65592			4
2024.03.29	00:08:29.130		1.65590			4
2024.03.29	00:08:35.668	1.65572	1.65603			6
2024.03.29	00:08:35.879		1.65612			4
2024.03.29	00:08:36.089		1.65606			4
2024.03.29	00:08:36.267		1.65609			4
2024.03.29	00:08:36.494		1.65603			4
2024.03.29	00:08:36.768		1.65614			4
2024.03.29	00:08:36.983		1.65605			4
2024.03.29	00:08:37.189		1.65603			4
2024.03.29	00:08:37.279		1.65609			4
2024.03.29	00:08:37.502		1.65603			4
2024.03.29	00:08:39.088		1.65606			4
2024.03.29	00:08:39.210	1.65573	1.65612			6
2024.03.29	00:08:39.390		1.65606			4
2024.03.29	00:08:40.125	1.65572	1.65609			6
2024.03.29	00:08:40.185	1.65573	1.65611			6
2024.03.29	00:08:48.150	1.65574	1.65612			6
2024.03.29	00:08:48.270	1.65573				2
2024.03.29	00:08:48.675		1.65611			4
2024.03.29	00:08:49.367	1.65574	1.65612			6
2024.03.29	00:08:49.656	1.65573	1.65608			6
2024.03.29	00:08:55.892	1.65572	1.65609			6
2024.03.29	00:08:59.328		1.65608			4
2024.03.29	00:08:59.453	1.65576	1.65614			6
2024.03.29	00:08:59.729	1.65572	1.65605			6
2024.03.29	00:09:05.679	1.65573	1.65609			6
2024.03.29	00:09:05.779	1.65572	1.65608			6
2024.03.29	00:09:05.869		1.65606			4
2024.03.29	00:09:06.287		1.65605			4
2024.03.29	00:09:08.800		1.65603			4
2024.03.29	00:09:09.607		1.65605			4
2024.03.29	00:09:09.807		1.65603			4
2024.03.29	00:09:14.129		1.65605			4
2024.03.29	00:09:14.248		1.65600			4
2024.03.29	00:09:19.164		1.65599			4
2024.03.29	00:09:19.661		1.65603			4
2024.03.29	00:09:19.871		1.65602			4
2024.03.29	00:09:27.328		1.65603			4
2024.03.29	00:09:28.103	1.65573	1.65601			6
2024.03.29	00:09:33.054		1.65595			4
2024.03.29	00:09:33.546		1.65592			4
2024.03.29	00:09:33.637		1.65597			4
2024.03.29	00:09:34.144	1.65572	1.65593			6
2024.03.29	00:09:40.009		1.65594			4
2024.03.29	00:09:43.821	1.65573	1.65592			6
2024.03.29	00:09:44.039		1.65593			4
2024.03.29	00:09:44.130		1.65590			4
2024.03.29	00:09:50.155		1.65592			4
2024.03.29	00:09:52.480		1.65595			4
2024.03.29	00:09:53.086		1.65593			4
2024.03.29	00:09:53.297		1.65590			4
2024.03.29	00:09:53.476		1.65592			4
2024.03.29	00:09:53.578		1.65587			4
2024.03.29	00:09:53.788		1.65590			4
2024.03.29	00:09:54.086	1.65572	1.65588			6
2024.03.29	00:09:54.298		1.65591			4
2024.03.29	00:10:00.238	1.65571	1.65592			6
2024.03.29	00:10:03.961		1.65590			4
2024.03.29	00:10:04.568		1.65586			4
2024.03.29	00:10:04.659		1.65587			4
2024.03.29	00:10:04.748		1.65589			4
2024.03.29	00:10:05.066		1.65587			4
2024.03.29	00:10:10.397		1.65584			4
2024.03.29	00:10:11.208		1.65586			4
2024.03.29	00:10:13.104		1.65584			4
2024.03.29	00:10:15.015		1.65586			4
2024.03.29	00:10:20.458		1.65584			4
2024.03.29	00:10:25.601		1.65587			4
2024.03.29	00:10:26.099		1.65586			4
2024.03.29	00:10:26.519		1.65584			4
2024.03.29	00:10:34.349		1.65603			4
2024.03.29	00:10:34.566	1.65572	1.65614			6
2024.03.29	00:10:34.656		1.65616			4
2024.03.29	00:10:34.747		1.65618			4
2024.03.29	00:10:35.248		1.65616			4
2024.03.29	00:10:35.561		1.65617			4
2024.03.29	00:10:35.960		1.65616			4
2024.03.29	00:10:36.671	1.65571	1.65587			6
2024.03.29	00:10:37.266		1.65586			4
2024.03.29	00:10:39.399		1.65587			4
2024.03.29	00:10:39.885		1.65584			4
2024.03.29	00:10:39.975		1.65586			4
2024.03.29	00:10:40.305		1.65589			4
2024.03.29	00:10:40.395		1.65584			4
2024.03.29	00:10:40.484		1.65589			4
2024.03.29	00:10:40.687		1.65586			4
2024.03.29	00:10:40.900		1.65587			4
2024.03.29	00:10:41.995		1.65590			4
2024.03.29	00:10:44.311		1.65587			4
2024.03.29	00:10:44.431		1.65590			4
2024.03.29	00:10:44.619		1.65589			4
2024.03.29	00:10:44.829		1.65592			4
2024.03.29	00:10:45.141		1.65589			4
2024.03.29	00:10:49.466	1.65572	1.65588			6
2024.03.29	00:10:49.557	1.65571	1.65586			6
2024.03.29	00:10:49.767		1.65589			4
2024.03.29	00:10:50.070		1.65586			4
2024.03.29	00:10:50.866		1.65589			4
2024.03.29	00:10:50.986		1.65590			4
2024.03.29	00:10:51.052		1.65589			4
2024.03.29	00:10:51.467		1.65586			4
2024.03.29	00:10:51.677		1.65587			4
2024.03.29	00:10:52.168		1.65586			4
2024.03.29	00:10:52.258		1.65587			4
2024.03.29	00:10:54.393		1.65590			4
2024.03.29	00:11:00.318	1.65571	1.65587			6
2024.03.29	00:11:00.538		1.65590			4
2024.03.29	00:11:01.123		1.65587			4
2024.03.29	00:11:01.243		1.65592			4
2024.03.29	00:11:01.829		1.65589			4
2024.03.29	00:11:02.116		1.65590			4
2024.03.29	00:11:02.249		1.65589			4
2024.03.29	00:11:06.666	1.65572	1.65588			6
2024.03.29	00:11:11.184		1.65586			4
2024.03.29	00:11:11.305		1.65588			4
2024.03.29	00:11:11.789		1.65586			4
2024.03.29	00:11:12.101		1.65585			4
2024.03.29	00:11:21.469		1.65586			4
2024.03.29	00:11:42.109		1.65588			4
2024.03.29	00:11:42.699		1.65585			4
2024.03.29	00:11:42.900		1.65586			4
2024.03.29	00:11:43.408		1.65585			4
2024.03.29	00:11:43.816		1.65589			4
2024.03.29	00:11:45.119		1.65586			4
2024.03.29	00:11:45.210		1.65588			4
2024.03.29	00:11:45.408		1.65586			4
2024.03.29	00:11:45.844		1.65588			4
2024.03.29	00:11:46.141		1.65585			4
2024.03.29	00:11:51.758		1.65586			4
2024.03.29	00:12:01.933	1.65572	1.65585			6
2024.03.29	00:12:12.311		1.65586			4
2024.03.29	00:12:14.730		1.65585			4
2024.03.29	00:12:22.181		1.65586			4
2024.03.29	00:12:40.710	1.65571	1.65592			6
2024.03.29	00:12:41.715		1.65587			4
2024.03.29	00:12:41.899		1.65586			4
2024.03.29	00:12:42.096		1.65588			4
2024.03.29	00:12:42.792		1.65591			4
2024.03.29	00:12:44.128		1.65595			4
2024.03.29	00:12:45.335		1.65594			4
2024.03.29	00:12:45.739		1.65592			4
2024.03.29	00:12:47.125		1.65591			4
2024.03.29	00:12:52.677		1.65592			4
2024.03.29	00:12:53.097		1.65594			4
2024.03.29	00:12:53.188		1.65597			4
2024.03.29	00:12:53.698		1.65598			4
2024.03.29	00:12:54.197		1.65597			4
2024.03.29	00:12:54.287		1.65600			4
2024.03.29	00:12:55.275		1.65595			4
2024.03.29	00:13:01.624	1.65571	1.65591			6
2024.03.29	00:13:03.050		1.65592			4
2024.03.29	00:13:08.781		1.65598			4
2024.03.29	00:13:19.139		1.65602			4
2024.03.29	00:13:20.067		1.65600			4
2024.03.29	00:13:22.069		1.65602			4
2024.03.29	00:13:26.097		1.65599			4
2024.03.29	00:13:29.118		1.65602			4
2024.03.29	00:13:30.120		1.65600			4
2024.03.29	00:13:35.351		1.65601			4
2024.03.29	00:13:36.071		1.65600			4
2024.03.29	00:13:40.679	1.65572	1.65602			6
2024.03.29	00:13:42.099	1.65571	1.65600			6
2024.03.29	00:13:42.501	1.65572	1.65602			6
2024.03.29	00:14:04.860	1.65573	1.65598			6
2024.03.29	00:14:13.806		1.65600			4
2024.03.29	00:14:24.671	1.65574	1.65598			6
2024.03.29	00:14:26.104	1.65573	1.65600			6
2024.03.29	00:14:27.480		1.65592			4
2024.03.29	00:14:27.799		1.65594			4
2024.03.29	00:14:27.920		1.65601			4
2024.03.29	00:14:28.100		1.65605			4
2024.03.29	00:14:28.311		1.65607			4
2024.03.29	00:14:28.501	1.65572	1.65603			6
2024.03.29	00:14:29.026	1.65573	1.65608			6
2024.03.29	00:14:29.120		1.65610			4
2024.03.29	00:14:29.207		1.65616			4
2024.03.29	00:14:29.402		1.65619			4
2024.03.29	00:14:29.624		1.65614			4
2024.03.29	00:14:29.713		1.65611			4
2024.03.29	00:14:31.108		1.65613			4
2024.03.29	00:14:32.749		1.65616			4
2024.03.29	00:14:32.949		1.65614			4
2024.03.29	00:14:34.258	1.65576	1.65616			6
2024.03.29	00:14:34.349	1.65573	1.65610			6
2024.03.29	00:14:35.178	1.65575	1.65611			6
2024.03.29	00:14:36.065	1.65573	1.65610			6
2024.03.29	00:14:37.068	1.65575	1.65611			6
2024.03.29	00:14:40.096	1.65573	1.65610			6
2024.03.29	00:14:40.688		1.65619			4
2024.03.29	00:14:40.779		1.65617			4
2024.03.29	00:14:40.899		1.65625			4
2024.03.29	00:14:40.989		1.65630			4
2024.03.29	00:14:41.274	1.65576	1.65628			6
2024.03.29	00:14:41.487	1.65574	1.65621			6
2024.03.29	00:14:41.606	1.65573	1.65630			6
2024.03.29	00:14:41.798	1.65578	1.65625			6
2024.03.29	00:14:42.009	1.65579				2
2024.03.29	00:14:42.100	1.65576				2
2024.03.29	00:14:42.310	1.65579				2
2024.03.29	00:14:42.400	1.65582	1.65622			6
2024.03.29	00:14:43.122		1.65621			4
2024.03.29	00:14:43.211		1.65622			4
2024.03.29	00:14:43.283	1.65584	1.65627			6
2024.03.29	00:14:43.696	1.65582	1.65625			6
2024.03.29	00:14:43.816	1.65575				2
2024.03.29	00:14:44.012	1.65584				2
2024.03.29	00:14:44.427	1.65585	1.65628			6
2024.03.29	00:14:48.228	1.65584	1.65625			6
2024.03.29	00:14:49.137	1.65585	1.65627			6
2024.03.29	00:14:50.131	1.65581	1.65621			6
2024.03.29	00:14:54.299	1.65585	1.65627			6
2024.03.29	00:14:54.389	1.65584	1.65622			6
2024.03.29	00:14:54.478	1.65585	1.65624			6
2024.03.29	00:14:54.564	1.65587	1.65628			6
2024.03.29	00:14:56.096	1.65585	1.65625			6
2024.03.29	00:14:56.199	1.65584	1.65624			6
2024.03.29	00:14:56.281	1.65585	1.65625			6
2024.03.29	00:14:56.382	1.65584	1.65624			6
2024.03.29	00:14:56.502	1.65585	1.65625			6
2024.03.29	00:14:56.599	1.65584	1.65624			6
2024.03.29	00:14:56.690	1.65585	1.65625			6
2024.03.29	00:14:56.811	1.65584	1.65624			6
2024.03.29	00:14:56.905	1.65585	1.65625			6
2024.03.29	00:14:56.995	1.65584	1.65624			6
2024.03.29	00:14:57.115	1.65585	1.65625			6
2024.03.29	00:14:57.207	1.65584	1.65624			6
2024.03.29	00:14:57.298	1.65585	1.65622			6
2024.03.29	00:14:57.796	1.65582	1.65619			6
2024.03.29	00:14:59.331	1.65581	1.65617			6
2024.03.29	00:14:59.818	1.65582	1.65620			6
2024.03.29	00:15:00.237	1.65575	1.65614			6
2024.03.29	00:15:01.130	1.65580	1.65624			6
2024.03.29	00:15:01.219	1.65585	1.65627			6
2024.03.29	00:15:01.338	1.65589	1.65635			6
2024.03.29	00:15:01.549	1.65592	1.65639			6
2024.03.29	00:15:01.941	1.65552	1.65595			6
2024.03.29	00:15:02.031		1.65596			4
2024.03.29	00:15:02.152		1.65589			4
2024.03.29	00:15:02.242		1.65587			4
2024.03.29	00:15:02.331		1.65581			4
2024.03.29	00:15:02.542		1.65578			4
2024.03.29	00:15:02.631		1.65590			4
2024.03.29	00:15:02.722		1.65578			4
2024.03.29	00:15:02.842		1.65587			4
2024.03.29	00:15:02.962		1.65575			4
2024.03.29	00:15:03.052		1.65587			4
2024.03.29	00:15:03.354		1.65581			4
2024.03.29	00:15:03.654		1.65578			4
2024.03.29	00:15:03.744		1.65575			4
2024.03.29	00:15:03.834		1.65581			4
2024.03.29	00:15:03.954		1.65583			4
2024.03.29	00:15:04.045		1.65588			4
2024.03.29	00:15:04.135		1.65592			4
2024.03.29	00:15:04.255		1.65594			4
2024.03.29	00:15:04.345	1.65553	1.65596			6
2024.03.29	00:15:04.557		1.65605			4
2024.03.29	00:15:04.647	1.65554	1.65610			6
2024.03.29	00:15:05.067	1.65555	1.65612			6
2024.03.29	00:15:05.158	1.65554	1.65609			6
2024.03.29	00:15:05.579	1.65560	1.65618			6
2024.03.29	00:15:06.272		1.65615			4
2024.03.29	00:15:06.362	1.65561	1.65616			6
2024.03.29	00:15:06.571	1.65564	1.65619			6
2024.03.29	00:15:07.865	1.65563	1.65618			6
2024.03.29	00:15:08.074	1.65564	1.65619			6
2024.03.29	00:15:09.099	1.65561	1.65616			6
2024.03.29	00:15:10.091	1.65563	1.65619			6
2024.03.29	00:15:12.317	1.65565				2
2024.03.29	00:15:14.128	1.65567	1.65621			6
2024.03.29	00:15:14.638	1.65570	1.65624			6
2024.03.29	00:15:15.124	1.65572	1.65626			6
2024.03.29	00:15:15.215	1.65573				2
2024.03.29	00:15:15.337	1.65575				2
2024.03.29	00:15:15.919	1.65572				2
2024.03.29	00:15:17.152	1.65570	1.65623			6
2024.03.29	00:15:18.054	1.65567	1.65620			6
2024.03.29	00:15:18.744	1.65555	1.65593			6
2024.03.29	00:15:18.834		1.65587			4
2024.03.29	00:15:18.954		1.65584			4
2024.03.29	00:15:19.075		1.65585			4
2024.03.29	00:15:19.256		1.65588			4
2024.03.29	00:15:19.345		1.65597			4
2024.03.29	00:15:19.554		1.65600			4
2024.03.29	00:15:19.644		1.65602			4
2024.03.29	00:15:19.764	1.65553	1.65603			6
2024.03.29	00:15:19.855		1.65606			4
2024.03.29	00:15:19.975		1.65600			4
2024.03.29	00:15:20.365	1.65558				2
2024.03.29	00:15:21.086		1.65594			4
2024.03.29	00:15:22.079		1.65597			4
2024.03.29	00:15:23.072		1.65594			4
2024.03.29	00:15:24.183		1.65600			4
2024.03.29	00:15:24.904		1.65602			4
2024.03.29	00:15:26.194		1.65603			4
2024.03.29	00:15:26.315		1.65604			4
2024.03.29	00:15:28.643		1.65607			4
2024.03.29	00:15:28.822	1.65559	1.65610			6
2024.03.29	00:15:28.912	1.65558	1.65609			6
2024.03.29	00:15:29.428	1.65559	1.65610			6
2024.03.29	00:15:29.518	1.65560				2
2024.03.29	00:15:32.147	1.65562	1.65613			6
2024.03.29	00:15:32.350	1.65560	1.65610			6
2024.03.29	00:15:33.669	1.65562	1.65612			6
2024.03.29	00:15:33.760	1.65566				2
2024.03.29	00:15:33.849	1.65568	1.65613			6
2024.03.29	00:15:33.969	1.65569	1.65615			6
2024.03.29	00:15:34.754	1.65568				2
2024.03.29	00:15:34.876	1.65569	1.65616			6
2024.03.29	00:15:34.965		1.65618			4
2024.03.29	00:15:35.057	1.65571				2
2024.03.29	00:15:35.266	1.65572				2
2024.03.29	00:15:36.288	1.65573				2
2024.03.29	00:15:36.379	1.65576	1.65620			6
2024.03.29	00:15:36.673	1.65575				2
2024.03.29	00:15:37.077	1.65576				2
2024.03.29	00:15:37.379	1.65578	1.65619			6
2024.03.29	00:15:37.781	1.65576				2
2024.03.29	00:15:37.878	1.65579	1.65623			6
2024.03.29	00:15:37.998	1.65578				2
2024.03.29	00:15:40.096		1.65621			4
2024.03.29	00:15:40.708	1.65560	1.65585			6
2024.03.29	00:15:40.917		1.65594			4
2024.03.29	00:15:41.008		1.65590			4
2024.03.29	00:15:41.308		1.65587			4
2024.03.29	00:15:41.517		1.65584			4
2024.03.29	00:15:42.508		1.65583			4
2024.03.29	00:15:44.336		1.65585			4
2024.03.29	00:15:44.839		1.65586			4
2024.03.29	00:15:46.138		1.65585			4
2024.03.29	00:15:46.227		1.65586			4
2024.03.29	00:15:47.158		1.65585			4
2024.03.29	00:15:49.584		1.65587			4
2024.03.29	00:15:49.675		1.65588			4
2024.03.29	00:15:49.885		1.65597			4
2024.03.29	00:15:49.975		1.65599			4
2024.03.29	00:15:50.487		1.65602			4
2024.03.29	00:15:50.667		1.65600			4
2024.03.29	00:15:50.878		1.65599			4
2024.03.29	00:15:50.967		1.65600			4
2024.03.29	00:15:51.178		1.65602			4
2024.03.29	00:15:52.099		1.65597			4
2024.03.29	00:15:52.189		1.65596			4
2024.03.29	00:15:53.306		1.65594			4
2024.03.29	00:15:53.485		1.65597			4
2024.03.29	00:15:53.696		1.65594			4
2024.03.29	00:15:54.105		1.65591			4
2024.03.29	00:15:55.118		1.65596			4
2024.03.29	00:15:55.298		1.65600			4
2024.03.29	00:15:55.600		1.65599			4
2024.03.29	00:15:55.721	1.65561	1.65603			6
2024.03.29	00:15:55.811	1.65566	1.65612			6
2024.03.29	00:15:55.931	1.65572	1.65616			6
2024.03.29	00:15:56.021	1.65567	1.65610			6
2024.03.29	00:15:56.110	1.65566	1.65613			6
2024.03.29	00:15:56.322		1.65610			4
2024.03.29	00:15:56.729	1.65565				2
2024.03.29	00:15:56.819		1.65607			4
2024.03.29	00:15:56.908	1.65567				2
2024.03.29	00:15:57.030	1.65570	1.65610			6
2024.03.29	00:15:57.119	1.65572	1.65613			6
2024.03.29	00:15:57.210	1.65578	1.65616			6
2024.03.29	00:15:57.329	1.65587	1.65625			6
2024.03.29	00:15:57.420	1.65591	1.65626			6
2024.03.29	00:15:57.541	1.65578	1.65620			6
2024.03.29	00:15:57.630	1.65575	1.65624			6
2024.03.29	00:15:57.750	1.65566	1.65610			6
2024.03.29	00:15:58.051	1.65565	1.65607			6
2024.03.29	00:15:59.354	1.65567	1.65613			6
2024.03.29	00:15:59.443	1.65579	1.65621			6
2024.03.29	00:15:59.533	1.65584	1.65627			6
2024.03.29	00:15:59.624	1.65587	1.65635			6
2024.03.29	00:15:59.745	1.65590	1.65638			6
2024.03.29	00:15:59.834	1.65587	1.65636			6
2024.03.29	00:15:59.954	1.65581	1.65630			6
2024.03.29	00:16:00.047	1.65575	1.65623			6
2024.03.29	00:16:00.134	1.65572	1.65621			6
2024.03.29	00:16:00.659	1.65574	1.65623			6
2024.03.29	00:16:00.748	1.65583	1.65630			6
2024.03.29	00:16:00.868	1.65586	1.65635			6
2024.03.29	00:16:01.260	1.65564	1.65593			6
2024.03.29	00:16:02.253		1.65605			4
2024.03.29	00:16:02.373		1.65600			4
2024.03.29	00:16:02.464		1.65599			4
2024.03.29	00:16:02.557		1.65597			4
2024.03.29	00:16:03.060		1.65596			4
2024.03.29	00:16:03.766	1.65570	1.65600			6
2024.03.29	00:16:03.949		1.65601			4
2024.03.29	00:16:04.070		1.65603			4
2024.03.29	00:16:04.968		1.65599			4
2024.03.29	00:16:05.379		1.65601			4
2024.03.29	00:16:06.196	1.65571	1.65592			6
2024.03.29	00:16:06.502	1.65570	1.65593			6
2024.03.29	00:16:06.598		1.65592			4
2024.03.29	00:16:06.808		1.65603			4
2024.03.29	00:16:06.989		1.65593			4
2024.03.29	00:16:07.516	1.65567	1.65589			6
2024.03.29	00:16:07.708	1.65570	1.65593			6
2024.03.29	00:16:07.798	1.65571	1.65592			6
2024.03.29	00:16:07.887		1.65598			4
2024.03.29	00:16:08.008		1.65599			4
2024.03.29	00:16:08.189		1.65601			4
2024.03.29	00:16:08.890		1.65602			4
2024.03.29	00:16:09.308		1.65601			4
2024.03.29	00:16:10.105		1.65599			4
2024.03.29	00:16:11.119		1.65598			4
2024.03.29	00:16:18.078		1.65595			4
2024.03.29	00:16:18.588	1.65584	1.65629			6
2024.03.29	00:16:18.680	1.65587	1.65632			6
2024.03.29	00:16:19.191	1.65571	1.65626			6
2024.03.29	00:16:19.281		1.65616			4
2024.03.29	00:16:19.372	1.65570	1.65609			6
2024.03.29	00:16:19.491		1.65607			4
2024.03.29	00:16:19.672		1.65604			4
2024.03.29	00:16:19.791		1.65607			4
2024.03.29	00:16:19.972		1.65596			4
2024.03.29	00:16:20.182		1.65593			4
2024.03.29	00:16:20.393		1.65598			4
2024.03.29	00:16:20.692		1.65593			4
2024.03.29	00:16:20.992		1.65596			4
2024.03.29	00:16:21.292		1.65595			4
2024.03.29	00:16:21.493		1.65593			4
2024.03.29	00:16:21.583		1.65598			4
2024.03.29	00:16:21.793	1.65571	1.65602			6
2024.03.29	00:16:22.004	1.65570	1.65595			6
2024.03.29	00:16:22.123		1.65593			4
2024.03.29	00:16:23.293	1.65571	1.65613			6
2024.03.29	00:16:23.414		1.65606			4
2024.03.29	00:16:23.504		1.65592			4
2024.03.29	00:16:23.623	1.65570	1.65595			6
2024.03.29	00:16:23.714		1.65593			4
2024.03.29	00:16:23.803		1.65592			4
2024.03.29	00:16:25.818		1.65593			4
2024.03.29	00:16:26.149		1.65601			4
2024.03.29	00:16:26.328	1.65571	1.65604			6
2024.03.29	00:16:27.534		1.65601			4
2024.03.29	00:16:28.044		1.65599			4
2024.03.29	00:16:30.454	1.65570	1.65601			6
2024.03.29	00:16:37.926	1.65571	1.65604			6
2024.03.29	00:16:40.137		1.65607			4
2024.03.29	00:16:42.028		1.65606			4
2024.03.29	00:16:42.630	1.65572	1.65617			6
2024.03.29	00:16:42.749	1.65577	1.65622			6
2024.03.29	00:16:42.839	1.65584	1.65629			6
2024.03.29	00:16:42.960	1.65571	1.65617			6
2024.03.29	00:16:43.049		1.65616			4
2024.03.29	00:16:43.140	1.65570	1.65610			6
2024.03.29	00:16:43.261		1.65606			4
2024.03.29	00:16:43.350	1.65571	1.65611			6
2024.03.29	00:16:43.562	1.65570	1.65606			6
2024.03.29	00:16:43.741		1.65593			4
2024.03.29	00:16:44.169		1.65592			4
2024.03.29	00:16:45.439		1.65610			4
2024.03.29	00:16:45.750		1.65609			4
2024.03.29	00:16:46.259		1.65603			4
2024.03.29	00:16:46.769		1.65593			4
2024.03.29	00:16:47.378		1.65607			4
2024.03.29	00:16:47.551		1.65606			4
2024.03.29	00:16:47.880	1.65571	1.65613			6
2024.03.29	00:16:47.957	1.65570	1.65609			6
2024.03.29	00:16:48.077		1.65606			4
2024.03.29	00:16:48.185		1.65609			4
2024.03.29	00:16:48.290		1.65607			4
2024.03.29	00:16:49.096		1.65603			4
2024.03.29	00:16:49.287		1.65604			4
2024.03.29	00:16:49.797		1.65603			4
2024.03.29	00:16:49.887		1.65598			4
2024.03.29	00:16:50.107		1.65595			4
2024.03.29	00:16:50.294		1.65600			4
2024.03.29	00:16:50.700		1.65602			4
2024.03.29	00:16:51.096		1.65603			4
2024.03.29	00:16:51.306		1.65612			4
2024.03.29	00:16:51.706		1.65609			4
2024.03.29	00:16:51.998		1.65610			4
2024.03.29	00:16:52.312		1.65608			4
2024.03.29	00:16:52.610		1.65602			4
2024.03.29	00:16:56.046		1.65595			4
2024.03.29	00:16:56.114		1.65598			4
2024.03.29	00:16:56.535		1.65601			4
2024.03.29	00:16:56.626		1.65597			4
2024.03.29	00:16:57.031		1.65598			4
2024.03.29	00:16:57.953		1.65594			4
2024.03.29	00:16:58.042		1.65592			4
2024.03.29	00:17:00.068	1.65570	1.65594			6
2024.03.29	00:17:00.774		1.65598			4
2024.03.29	00:17:01.750		1.65600			4
2024.03.29	00:17:07.107		1.65609			4
2024.03.29	00:17:07.286	1.65569	1.65604			6
2024.03.29	00:17:07.617		1.65597			4
2024.03.29	00:17:08.316	1.65566	1.65588			6
2024.03.29	00:17:08.406	1.65567	1.65592			6
2024.03.29	00:17:09.517	1.65570	1.65591			6
2024.03.29	00:17:10.310	1.65567	1.65592			6
2024.03.29	00:17:10.829		1.65594			4
2024.03.29	00:17:10.919	1.65570	1.65597			6
2024.03.29	00:17:11.129		1.65595			4
2024.03.29	00:17:11.250		1.65608			4
2024.03.29	00:17:11.549		1.65618			4
2024.03.29	00:17:11.639		1.65624			4
2024.03.29	00:17:12.148		1.65627			4
2024.03.29	00:17:12.250		1.65619			4
2024.03.29	00:17:12.444		1.65616			4
2024.03.29	00:17:13.643		1.65615			4
2024.03.29	00:17:13.831		1.65618			4
2024.03.29	00:17:14.070		1.65615			4
2024.03.29	00:17:15.377		1.65619			4
2024.03.29	00:17:15.647		1.65622			4
2024.03.29	00:17:15.890		1.65628			4
2024.03.29	00:17:16.279		1.65627			4
2024.03.29	00:17:16.559	1.65571	1.65624			6
2024.03.29	00:17:16.686		1.65616			4
2024.03.29	00:17:17.079		1.65618			4
2024.03.29	00:17:17.561		1.65616			4
2024.03.29	00:17:18.171		1.65621			4
2024.03.29	00:17:19.087		1.65627			4
2024.03.29	00:17:19.297		1.65622			4
2024.03.29	00:17:19.497		1.65621			4
2024.03.29	00:17:20.094		1.65619			4
2024.03.29	00:17:20.512		1.65616			4
2024.03.29	00:17:20.607		1.65621			4
2024.03.29	00:17:21.104		1.65619			4
2024.03.29	00:17:23.103		1.65610			4
2024.03.29	00:17:23.324	1.65570	1.65606			6
2024.03.29	00:17:24.743	1.65571	1.65610			6
2024.03.29	00:17:25.137		1.65614			4
2024.03.29	00:17:25.227		1.65621			4
2024.03.29	00:17:25.426		1.65624			4
2024.03.29	00:17:26.160		1.65618			4
2024.03.29	00:17:26.249		1.65619			4
2024.03.29	00:17:26.549		1.65618			4
2024.03.29	00:17:26.639	1.65570	1.65606			6
2024.03.29	00:17:27.135	1.65571	1.65618			6
2024.03.29	00:17:27.437		1.65621			4
2024.03.29	00:17:27.532		1.65619			4
2024.03.29	00:17:28.158		1.65616			4
2024.03.29	00:17:28.253	1.65570	1.65603			6
2024.03.29	00:17:29.667	1.65571	1.65613			6
2024.03.29	00:17:29.850		1.65615			4
2024.03.29	00:17:30.068		1.65616			4
2024.03.29	00:17:30.167		1.65612			4
2024.03.29	00:17:30.467		1.65613			4
2024.03.29	00:17:31.071		1.65612			4
2024.03.29	00:17:31.161		1.65619			4
2024.03.29	00:17:32.096		1.65624			4
2024.03.29	00:17:32.187		1.65620			4
2024.03.29	00:17:33.079		1.65616			4
2024.03.29	00:17:33.197		1.65622			4
2024.03.29	00:17:33.381		1.65619			4
2024.03.29	00:17:33.587		1.65611			4
2024.03.29	00:17:33.689	1.65570	1.65609			6
2024.03.29	00:17:34.000	1.65571	1.65613			6
2024.03.29	00:17:34.090		1.65627			4
2024.03.29	00:17:34.300		1.65619			4
2024.03.29	00:17:35.110		1.65622			4
2024.03.29	00:17:35.917	1.65570	1.65624			6
2024.03.29	00:17:36.098		1.65625			4
2024.03.29	00:17:36.285		1.65627			4
2024.03.29	00:17:36.709		1.65628			4
2024.03.29	00:17:37.109		1.65624			4
2024.03.29	00:17:38.007		1.65628			4
2024.03.29	00:17:38.127		1.65622			4
2024.03.29	00:17:38.309		1.65624			4
2024.03.29	00:17:39.131	1.65571				2
2024.03.29	00:17:40.318	1.65570	1.65597			6
2024.03.29	00:17:40.642		1.65596			4
2024.03.29	00:17:40.853		1.65599			4
2024.03.29	00:17:41.138		1.65594			4
2024.03.29	00:17:41.261		1.65596			4
2024.03.29	00:17:42.359		1.65599			4
2024.03.29	00:17:42.449		1.65602			4
2024.03.29	00:17:43.480		1.65600			4
2024.03.29	00:17:44.067		1.65603			4
2024.03.29	00:17:44.241		1.65601			4
2024.03.29	00:17:45.076		1.65591			4
2024.03.29	00:17:45.286		1.65594			4
2024.03.29	00:17:45.759		1.65595			4
2024.03.29	00:17:51.514		1.65601			4
2024.03.29	00:17:51.604		1.65598			4
2024.03.29	00:17:51.927		1.65595			4
2024.03.29	00:17:55.842		1.65598			4
2024.03.29	00:17:56.130		1.65597			4
2024.03.29	00:17:56.551	1.65569	1.65598			6
2024.03.29	00:17:56.640		1.65594			4
2024.03.29	00:17:56.760		1.65598			4
2024.03.29	00:17:56.851		1.65595			4
2024.03.29	00:17:57.060		1.65594			4
2024.03.29	00:17:58.049		1.65591			4
2024.03.29	00:17:58.168		1.65594			4
2024.03.29	00:17:58.379		1.65592			4
2024.03.29	00:17:58.542		1.65591			4
2024.03.29	00:18:05.913	1.65569	1.65595			6
2024.03.29	00:18:14.074		1.65594			4
2024.03.29	00:18:16.083		1.65592			4
2024.03.29	00:18:16.291	1.65566	1.65603			6
2024.03.29	00:18:16.478	1.65569	1.65592			6
2024.03.29	00:18:19.307		1.65594			4
2024.03.29	00:18:19.429	1.65566	1.65598			6
2024.03.29	00:18:20.318		1.65600			4
2024.03.29	00:18:20.409		1.65601			4
2024.03.29	00:18:20.808	1.65569	1.65591			6
2024.03.29	00:18:20.930	1.65570	1.65592			6
2024.03.29	00:18:21.020		1.65598			4
2024.03.29	00:18:21.110		1.65600			4
2024.03.29	00:18:21.434		1.65603			4
2024.03.29	00:18:21.618		1.65601			4
2024.03.29	00:18:21.827		1.65608			4
2024.03.29	00:18:22.127		1.65603			4
2024.03.29	00:18:22.337		1.65597			4
2024.03.29	00:18:22.428		1.65601			4
2024.03.29	00:18:23.139		1.65600			4
2024.03.29	00:18:23.230		1.65601			4
2024.03.29	00:18:24.132		1.65598			4
2024.03.29	00:18:24.439		1.65595			4
2024.03.29	00:18:25.061		1.65594			4
2024.03.29	00:18:25.967		1.65591			4
2024.03.29	00:18:26.147		1.65594			4
2024.03.29	00:18:27.071		1.65600			4
2024.03.29	00:18:27.281		1.65592			4
2024.03.29	00:18:31.698		1.65595			4
2024.03.29	00:18:32.119		1.65591			4
2024.03.29	00:18:36.042		1.65592			4
2024.03.29	00:18:38.038		1.65597			4
2024.03.29	00:18:42.296	1.65575				2
2024.03.29	00:18:42.387	1.65570				2
2024.03.29	00:18:42.476	1.65575				2
2024.03.29	00:18:42.595	1.65570				2
2024.03.29	00:18:42.692	1.65575				2
2024.03.29	00:18:42.782	1.65570				2
2024.03.29	00:18:42.903	1.65575				2
2024.03.29	00:18:42.993	1.65570				2
2024.03.29	00:18:43.084	1.65575				2
2024.03.29	00:18:43.173	1.65570				2
2024.03.29	00:18:43.294	1.65575				2
2024.03.29	00:18:43.385	1.65570				2
2024.03.29	00:18:47.498		1.65594			4
2024.03.29	00:18:50.834		1.65591			4
2024.03.29	00:18:51.047	1.65567	1.65597			6
2024.03.29	00:18:51.137		1.65599			4
2024.03.29	00:18:51.228	1.65570	1.65592			6
2024.03.29	00:18:57.479	1.65563	1.65590			6
2024.03.29	00:18:57.692		1.65593			4
2024.03.29	00:18:58.298		1.65590			4
2024.03.29	00:18:58.493	1.65559	1.65588			6
2024.03.29	00:18:58.584	1.65563	1.65593			6
2024.03.29	00:18:58.794		1.65596			4
2024.03.29	00:18:59.096		1.65598			4
2024.03.29	00:18:59.288		1.65590			4
2024.03.29	00:18:59.378		1.65596			4
2024.03.29	00:18:59.498		1.65599			4
2024.03.29	00:19:00.097	1.65563	1.65601			6
2024.03.29	00:19:00.412		1.65599			4
2024.03.29	00:19:00.810	1.65565				2
2024.03.29	00:19:00.899	1.65566	1.65604			6
2024.03.29	00:19:01.087		1.65605			4
2024.03.29	00:19:01.386	1.65565				2
2024.03.29	00:19:01.507	1.65568	1.65607			6
2024.03.29	00:19:02.097	1.65566				2
2024.03.29	00:19:03.520		1.65605			4
2024.03.29	00:19:08.058	1.65568				2
2024.03.29	00:19:09.074	1.65566				2
2024.03.29	00:19:09.165		1.65609			4
2024.03.29	00:19:09.351	1.65567	1.65618			6
2024.03.29	00:19:09.472	1.65564	1.65615			6
2024.03.29	00:19:09.561		1.65618			4
2024.03.29	00:19:09.771		1.65621			4
2024.03.29	00:19:09.983		1.65623			4
2024.03.29	00:19:10.253		1.65626			4
2024.03.29	00:19:10.464		1.65627			4
2024.03.29	00:19:10.675		1.65629			4
2024.03.29	00:19:12.091		1.65630			4
2024.03.29	00:19:12.275		1.65632			4
2024.03.29	00:19:14.610		1.65624			4
2024.03.29	00:19:14.804		1.65626			4
2024.03.29	00:19:14.982		1.65627			4
2024.03.29	00:19:15.323		1.65630			4
2024.03.29	00:19:18.942		1.65632			4
2024.03.29	00:19:19.117		1.65633			4
2024.03.29	00:19:21.337		1.65632			4
2024.03.29	00:19:23.148		1.65621			4
2024.03.29	00:19:23.268		1.65629			4
2024.03.29	00:19:24.269		1.65627			4
2024.03.29	00:19:24.480		1.65630			4
2024.03.29	00:19:24.850		1.65633			4
2024.03.29	00:19:38.246		1.65627			4
2024.03.29	00:19:38.456		1.65630			4
2024.03.29	00:19:39.486		1.65627			4
2024.03.29	00:19:48.328		1.65629			4
2024.03.29	00:19:48.537		1.65630			4
2024.03.29	00:19:50.248		1.65633			4
2024.03.29	00:19:50.749		1.65630			4
2024.03.29	00:19:50.934		1.65632			4
2024.03.29	00:19:51.758		1.65630			4
2024.03.29	00:19:52.073		1.65632			4
2024.03.29	00:19:52.164		1.65635			4
2024.03.29	00:19:56.281		1.65632			4
2024.03.29	00:19:56.384		1.65630			4
2024.03.29	00:19:56.581		1.65627			4
2024.03.29	00:19:58.280		1.65630			4
2024.03.29	00:19:58.479		1.65629			4
2024.03.29	00:19:58.880		1.65632			4
2024.03.29	00:20:00.109	1.65564	1.65629			6
2024.03.29	00:20:01.437	1.65559	1.65634			6
2024.03.29	00:20:03.433		1.65638			4
2024.03.29	00:20:03.524		1.65647			4
2024.03.29	00:20:03.728		1.65650			4
2024.03.29	00:20:03.940		1.65646			4
2024.03.29	00:20:04.030		1.65643			4
2024.03.29	00:20:04.757		1.65640			4
2024.03.29	00:20:04.846		1.65643			4
2024.03.29	00:20:05.958	1.65564				2
2024.03.29	00:20:06.051	1.65558				2
2024.03.29	00:20:08.268		1.65642			4
2024.03.29	00:20:08.465		1.65639			4
2024.03.29	00:20:09.279		1.65637			4
2024.03.29	00:20:09.590		1.65631			4
2024.03.29	00:20:09.679		1.65637			4
2024.03.29	00:20:09.988		1.65635			4
2024.03.29	00:20:10.281		1.65638			4
2024.03.29	00:20:16.628		1.65651			4
2024.03.29	00:20:17.342		1.65638			4
2024.03.29	00:20:19.549		1.65632			4
2024.03.29	00:20:19.639		1.65634			4
2024.03.29	00:20:20.746		1.65631			4
2024.03.29	00:20:23.265		1.65634			4
2024.03.29	00:20:23.355		1.65631			4
2024.03.29	00:20:23.477		1.65622			4
2024.03.29	00:20:23.694		1.65623			4
2024.03.29	00:20:23.764		1.65614			4
2024.03.29	00:20:23.967		1.65617			4
2024.03.29	00:20:24.480		1.65620			4
2024.03.29	00:20:24.590		1.65616			4
2024.03.29	00:20:24.680	1.65557	1.65612			6
2024.03.29	00:20:24.890	1.65558	1.65613			6
2024.03.29	00:20:24.980	1.65557	1.65610			6
2024.03.29	00:20:25.287		1.65598			4
2024.03.29	00:20:25.668		1.65600			4
2024.03.29	00:20:26.287		1.65603			4
2024.03.29	00:20:28.932	1.65547	1.65591			6
2024.03.29	00:20:29.022	1.65538				2
2024.03.29	00:20:29.119		1.65594			4
2024.03.29	00:20:29.317	1.65540				2
2024.03.29	00:20:30.036		1.65600			4
2024.03.29	00:20:30.126	1.65538				2
2024.03.29	00:20:30.228		1.65597			4
2024.03.29	00:20:30.639	1.65545				2
2024.03.29	00:20:33.049		1.65599			4
2024.03.29	00:20:33.336		1.65602			4
2024.03.29	00:20:34.856	1.65540				2
2024.03.29	00:20:37.389	1.65543				2
2024.03.29	00:20:38.085	1.65550				2
2024.03.29	00:20:39.087		1.65599			4
2024.03.29	00:20:39.178		1.65603			4
2024.03.29	00:20:39.389		1.65597			4
2024.03.29	00:20:39.676	1.65551	1.65606			6
2024.03.29	00:20:39.796	1.65550	1.65603			6
2024.03.29	00:20:39.886	1.65551	1.65610			6
2024.03.29	00:20:40.096		1.65613			4
2024.03.29	00:20:40.185		1.65615			4
2024.03.29	00:20:40.305		1.65610			4
2024.03.29	00:20:40.487		1.65607			4
2024.03.29	00:20:42.606	1.65550	1.65602			6
2024.03.29	00:20:42.727	1.65551	1.65607			6
2024.03.29	00:20:42.817		1.65613			4
2024.03.29	00:20:42.906		1.65618			4
2024.03.29	00:20:43.119		1.65627			4
2024.03.29	00:20:43.209		1.65631			4
2024.03.29	00:20:43.419		1.65636			4
2024.03.29	00:20:43.709		1.65643			4
2024.03.29	00:20:43.829		1.65642			4
2024.03.29	00:20:44.009	1.65553	1.65648			6
2024.03.29	00:20:44.229		1.65647			4
2024.03.29	00:20:44.418		1.65648			4
2024.03.29	00:20:50.272	1.65543				2
2024.03.29	00:20:59.319	1.65541				2
2024.03.29	00:21:00.148	1.65543				2
2024.03.29	00:21:02.157	1.65546				2
2024.03.29	00:21:06.077	1.65551				2
2024.03.29	00:21:11.707	1.65556				2
2024.03.29	00:21:14.549	1.65543				2
2024.03.29	00:21:33.080	1.65552	1.65647			6
2024.03.29	00:21:34.098	1.65556	1.65648			6
2024.03.29	00:21:35.085		1.65644			4
2024.03.29	00:21:35.980		1.65645			4
2024.03.29	00:21:36.071		1.65648			4
2024.03.29	00:21:36.297		1.65645			4
2024.03.29	00:21:36.407		1.65644			4
2024.03.29	00:21:36.497		1.65647			4
2024.03.29	00:21:36.696		1.65644			4
2024.03.29	00:21:36.787		1.65647			4
2024.03.29	00:21:37.307		1.65645			4
2024.03.29	00:21:39.512	1.65543				2
2024.03.29	00:21:39.814		1.65643			4
2024.03.29	00:21:40.025		1.65647			4
2024.03.29	00:21:41.627		1.65643			4
2024.03.29	00:21:41.708		1.65637			4
2024.03.29	00:21:41.828		1.65647			4
2024.03.29	00:21:42.028		1.65637			4
2024.03.29	00:21:42.118		1.65644			4
2024.03.29	00:21:42.529		1.65637			4
2024.03.29	00:21:42.839		1.65639			4
2024.03.29	00:21:44.158		1.65637			4
2024.03.29	00:21:46.078	1.65551	1.65638			6
2024.03.29	00:21:51.213		1.65642			4
2024.03.29	00:21:51.398		1.65641			4
2024.03.29	00:21:52.117	1.65546	1.65636			6
2024.03.29	00:21:52.209		1.65635			4
2024.03.29	00:21:52.325		1.65632			4
2024.03.29	00:21:52.507	1.65543				2
2024.03.29	00:21:53.117	1.65548	1.65635			6
2024.03.29	00:21:54.132	1.65551	1.65638			6
2024.03.29	00:21:54.411		1.65635			4
2024.03.29	00:21:54.530		1.65633			4
2024.03.29	00:21:54.909		1.65632			4
2024.03.29	00:21:56.530		1.65635			4
2024.03.29	00:21:57.127		1.65638			4
2024.03.29	00:21:59.965	1.65556				2
2024.03.29	00:22:00.059	1.65556	1.65633			6
2024.03.29	00:22:00.149		1.65630			4
2024.03.29	00:22:00.270		1.65629			4
2024.03.29	00:22:00.660		1.65632			4
2024.03.29	00:22:01.055		1.65629			4
2024.03.29	00:22:01.176		1.65626			4
2024.03.29	00:22:02.077	1.65546				2
2024.03.29	00:22:03.064		1.65621			4
2024.03.29	00:22:03.184		1.65630			4
2024.03.29	00:22:03.273		1.65633			4
2024.03.29	00:22:03.676		1.65626			4
2024.03.29	00:22:03.978		1.65623			4
2024.03.29	00:22:04.178		1.65624			4
2024.03.29	00:22:04.297		1.65627			4
2024.03.29	00:22:04.497		1.65630			4
2024.03.29	00:22:04.903		1.65624			4
2024.03.29	00:22:04.994		1.65629			4
2024.03.29	00:22:05.087	1.65538	1.65633			6
2024.03.29	00:22:05.299	1.65546	1.65621			6
2024.03.29	00:22:05.389		1.65623			4
2024.03.29	00:22:05.478		1.65635			4
2024.03.29	00:22:05.690		1.65632			4
2024.03.29	00:22:05.989		1.65638			4
2024.03.29	00:22:06.110		1.65630			4
2024.03.29	00:22:08.108	1.65548				2
2024.03.29	00:22:08.318		1.65620			4
2024.03.29	00:22:08.508		1.65618			4
2024.03.29	00:22:08.719		1.65620			4
2024.03.29	00:22:09.139		1.65624			4
2024.03.29	00:22:09.318		1.65614			4
2024.03.29	00:22:09.529		1.65615			4
2024.03.29	00:22:09.619		1.65618			4
2024.03.29	00:22:09.819		1.65617			4
2024.03.29	00:22:10.219		1.65620			4
2024.03.29	00:22:10.428		1.65624			4
2024.03.29	00:22:10.639	1.65540	1.65627			6
2024.03.29	00:22:10.820		1.65629			4
2024.03.29	00:22:11.037	1.65541	1.65627			6
2024.03.29	00:22:11.126	1.65540	1.65624			6
2024.03.29	00:22:11.320		1.65627			4
2024.03.29	00:22:11.528		1.65624			4
2024.03.29	00:22:11.648		1.65627			4
2024.03.29	00:22:11.856		1.65624			4
2024.03.29	00:22:12.155		1.65620			4
2024.03.29	00:22:12.439		1.65618			4
2024.03.29	00:22:12.834		1.65614			4
2024.03.29	00:22:12.954		1.65617			4
2024.03.29	00:22:13.044		1.65621			4
2024.03.29	00:22:13.165		1.65623			4
2024.03.29	00:22:13.466		1.65627			4
2024.03.29	00:22:13.557		1.65629			4
2024.03.29	00:22:13.748		1.65623			4
2024.03.29	00:22:13.869		1.65626			4
2024.03.29	00:22:13.960		1.65623			4
2024.03.29	00:22:14.079		1.65624			4
2024.03.29	00:22:14.169		1.65623			4
2024.03.29	00:22:14.262		1.65624			4
2024.03.29	00:22:14.666		1.65626			4
2024.03.29	00:22:14.757		1.65614			4
2024.03.29	00:22:14.879		1.65627			4
2024.03.29	00:22:15.058		1.65624			4
2024.03.29	00:22:15.179		1.65630			4
2024.03.29	00:22:15.371		1.65623			4
2024.03.29	00:22:15.681		1.65624			4
2024.03.29	00:22:15.875		1.65621			4
2024.03.29	00:22:15.965		1.65620			4
2024.03.29	00:22:16.055		1.65630			4
2024.03.29	00:22:16.268		1.65629			4
2024.03.29	00:22:16.677		1.65626			4
2024.03.29	00:22:19.203		1.65629			4
2024.03.29	00:22:19.506		1.65623			4
2024.03.29	00:22:20.316		1.65630			4
2024.03.29	00:22:20.506		1.65629			4
2024.03.29	00:22:20.706		1.65632			4
2024.03.29	00:22:21.113		1.65627			4
2024.03.29	00:22:22.109		1.65632			4
2024.03.29	00:22:23.121	1.65544	1.65627			6
2024.03.29	00:22:25.147	1.65549				2
2024.03.29	00:22:33.887		1.65638			4
2024.03.29	00:22:34.008		1.65632			4
2024.03.29	00:22:34.213	1.65553	1.65631			6
2024.03.29	00:22:34.698		1.65626			4
2024.03.29	00:22:34.823		1.65634			4
2024.03.29	00:22:34.986		1.65635			4
2024.03.29	00:22:35.107	1.65550	1.65632			6
2024.03.29	00:22:35.318		1.65629			4
2024.03.29	00:22:35.409		1.65635			4
2024.03.29	00:22:35.605		1.65629			4
2024.03.29	00:22:35.817		1.65626			4
2024.03.29	00:22:36.008		1.65623			4
2024.03.29	00:22:36.129		1.65631			4
2024.03.29	00:22:36.318		1.65629			4
2024.03.29	00:22:36.397		1.65623			4
2024.03.29	00:22:36.827		1.65631			4
2024.03.29	00:22:37.107		1.65628			4
2024.03.29	00:22:37.227		1.65626			4
2024.03.29	00:22:37.423		1.65622			4
2024.03.29	00:22:37.513		1.65626			4
2024.03.29	00:22:37.725		1.65620			4
2024.03.29	00:22:37.818		1.65623			4
2024.03.29	00:22:37.908		1.65619			4
2024.03.29	00:22:38.029	1.65548				2
2024.03.29	00:22:38.149		1.65622			4
2024.03.29	00:22:38.209		1.65628			4
2024.03.29	00:22:38.731		1.65625			4
2024.03.29	00:22:39.149		1.65631			4
2024.03.29	00:22:39.238		1.65622			4
2024.03.29	00:22:39.328		1.65629			4
2024.03.29	00:22:39.549		1.65623			4
2024.03.29	00:22:39.956		1.65625			4
2024.03.29	00:22:40.135		1.65626			4
2024.03.29	00:22:40.350		1.65622			4
2024.03.29	00:22:40.546	1.65538	1.65617			6
2024.03.29	00:22:40.648		1.65619			4
2024.03.29	00:22:40.858		1.65620			4
2024.03.29	00:22:40.948		1.65626			4
2024.03.29	00:22:41.266		1.65620			4
2024.03.29	00:22:41.356		1.65623			4
2024.03.29	00:22:41.435		1.65628			4
2024.03.29	00:22:41.644		1.65626			4
2024.03.29	00:22:42.068		1.65631			4
2024.03.29	00:22:42.249		1.65625			4
2024.03.29	00:22:42.677		1.65626			4
2024.03.29	00:22:43.064		1.65621			4
2024.03.29	00:22:43.475		1.65617			4
2024.03.29	00:22:43.565		1.65629			4
2024.03.29	00:22:43.685		1.65631			4
2024.03.29	00:22:43.775		1.65621			4
2024.03.29	00:22:43.961		1.65623			4
2024.03.29	00:22:46.297		1.65620			4
2024.03.29	00:22:46.387		1.65626			4
2024.03.29	00:22:46.487		1.65628			4
2024.03.29	00:22:46.698		1.65625			4
2024.03.29	00:22:46.985		1.65629			4
2024.03.29	00:22:47.172		1.65626			4
2024.03.29	00:22:47.412		1.65628			4
2024.03.29	00:22:47.593		1.65622			4
2024.03.29	00:22:47.787		1.65620			4
2024.03.29	00:22:47.997		1.65623			4
2024.03.29	00:22:48.096		1.65626			4
2024.03.29	00:22:48.402		1.65629			4
2024.03.29	00:22:48.617		1.65620			4
2024.03.29	00:22:48.796		1.65623			4
2024.03.29	00:22:49.017		1.65618			4
2024.03.29	00:22:49.111		1.65614			4
2024.03.29	00:22:49.216		1.65620			4
2024.03.29	00:22:49.306		1.65619			4
2024.03.29	00:22:49.513		1.65617			4
2024.03.29	00:22:49.618		1.65612			4
2024.03.29	00:22:49.708		1.65609			4
2024.03.29	00:22:50.141		1.65612			4
2024.03.29	00:22:50.320		1.65614			4
2024.03.29	00:22:50.907		1.65611			4
2024.03.29	00:22:51.131	1.65541	1.65608			6
2024.03.29	00:22:51.219	1.65542	1.65612			6
2024.03.29	00:22:51.338	1.65547				2
2024.03.29	00:22:51.428		1.65623			4
2024.03.29	00:22:51.518		1.65614			4
2024.03.29	00:22:51.939		1.65618			4
2024.03.29	00:22:52.029		1.65612			4
2024.03.29	00:22:52.330		1.65621			4
2024.03.29	00:22:52.914		1.65623			4
2024.03.29	00:22:53.249		1.65618			4
2024.03.29	00:22:53.649		1.65623			4
2024.03.29	00:22:53.741		1.65626			4
2024.03.29	00:22:53.832		1.65624			4
2024.03.29	00:22:54.130		1.65623			4
2024.03.29	00:22:54.252		1.65615			4
2024.03.29	00:22:54.342		1.65617			4
2024.03.29	00:22:54.433		1.65621			4
2024.03.29	00:22:54.953		1.65615			4
2024.03.29	00:22:55.164		1.65621			4
2024.03.29	00:22:55.254		1.65618			4
2024.03.29	00:22:55.345		1.65621			4
2024.03.29	00:22:55.648		1.65627			4
2024.03.29	00:22:55.769		1.65622			4
2024.03.29	00:22:56.057		1.65614			4
2024.03.29	00:22:56.158		1.65618			4
2024.03.29	00:22:56.369		1.65623			4
2024.03.29	00:22:56.474		1.65612			4
2024.03.29	00:22:56.564		1.65611			4
2024.03.29	00:22:56.653		1.65615			4
2024.03.29	00:22:56.743		1.65626			4
2024.03.29	00:22:56.838		1.65628			4
2024.03.29	00:22:57.073	1.65550	1.65629			6
2024.03.29	00:22:57.163		1.65630			4
2024.03.29	00:22:58.081		1.65627			4
2024.03.29	00:22:58.366		1.65623			4
2024.03.29	00:22:59.204		1.65621			4
2024.03.29	00:22:59.263		1.65618			4
2024.03.29	00:22:59.360		1.65623			4
2024.03.29	00:23:00.084	1.65550	1.65624			6
2024.03.29	00:23:00.176		1.65621			4
2024.03.29	00:23:00.296		1.65627			4
2024.03.29	00:23:00.385		1.65624			4
2024.03.29	00:23:00.797		1.65618			4
2024.03.29	00:23:01.016		1.65621			4
2024.03.29	00:23:01.077		1.65624			4
2024.03.29	00:23:01.602		1.65620			4
2024.03.29	00:23:01.787		1.65618			4
2024.03.29	00:23:01.877		1.65620			4
2024.03.29	00:23:02.004		1.65627			4
2024.03.29	00:23:02.109		1.65630			4
2024.03.29	00:23:02.282		1.65629			4
2024.03.29	00:23:02.805		1.65623			4
2024.03.29	00:23:03.118		1.65621			4
2024.03.29	00:23:03.209		1.65624			4
2024.03.29	00:23:03.613	1.65553	1.65627			6
2024.03.29	00:23:03.718	1.65551				2
2024.03.29	00:23:04.014		1.65631			4
2024.03.29	00:23:04.103		1.65640			4
2024.03.29	00:23:04.224		1.65639			4
2024.03.29	00:23:04.408		1.65634			4
2024.03.29	00:23:04.627		1.65633			4
2024.03.29	00:23:04.719	1.65548	1.65636			6
2024.03.29	00:23:04.825	1.65543	1.65633			6
2024.03.29	00:23:04.915	1.65542				2
2024.03.29	00:23:05.126		1.65632			4
2024.03.29	00:23:05.219	1.65541	1.65630			6
2024.03.29	00:23:05.439		1.65628			4
2024.03.29	00:23:06.147	1.65539	1.65632			6
2024.03.29	00:23:07.648	1.65542	1.65629			6
2024.03.29	00:23:09.367	1.65537	1.65627			6
2024.03.29	00:23:09.768	1.65545	1.65634			6
2024.03.29	00:23:09.956	1.65547				2
2024.03.29	00:23:10.169	1.65544	1.65635			6
2024.03.29	00:23:10.261	1.65549				2
2024.03.29	00:23:10.475	1.65552				2
2024.03.29	00:23:10.755	1.65550				2
2024.03.29	00:23:11.073	1.65547				2
2024.03.29	00:23:11.243		1.65632			4
2024.03.29	00:23:11.869		1.65641			4
2024.03.29	00:23:11.959		1.65650			4
2024.03.29	00:23:12.078		1.65653			4
2024.03.29	00:23:12.458	1.65550				2
2024.03.29	00:23:13.077	1.65547				2
2024.03.29	00:23:14.796	1.65557				2
2024.03.29	00:23:14.996	1.65549				2
2024.03.29	00:23:16.107	1.65547				2
2024.03.29	00:23:16.910	1.65545				2
2024.03.29	00:23:21.038	1.65547				2
2024.03.29	00:23:21.953	1.65560				2
2024.03.29	00:23:22.042	1.65549				2
2024.03.29	00:23:23.768	1.65547				2
2024.03.29	00:23:24.259	1.65545				2
2024.03.29	00:23:25.562	1.65550				2
2024.03.29	00:23:26.364	1.65545				2
2024.03.29	00:23:26.587	1.65547				2
2024.03.29	00:23:30.297	1.65544				2
2024.03.29	00:23:30.606	1.65547				2
2024.03.29	00:23:36.456	1.65555				2
2024.03.29	00:23:36.534	1.65545				2
2024.03.29	00:23:40.279	1.65542				2
2024.03.29	00:23:40.559		1.65650			4
2024.03.29	00:23:40.682		1.65653			4
2024.03.29	00:23:40.776		1.65650			4
2024.03.29	00:23:41.176		1.65653			4
2024.03.29	00:23:41.395		1.65650			4
2024.03.29	00:23:41.696	1.65537	1.65648			6
2024.03.29	00:23:47.205	1.65539				2
2024.03.29	00:23:51.563		1.65650			4
2024.03.29	00:23:52.165	1.65540	1.65647			6
2024.03.29	00:23:52.260		1.65648			4
2024.03.29	00:23:52.368	1.65542	1.65649			6
2024.03.29	00:23:52.547		1.65647			4
2024.03.29	00:23:53.162		1.65649			4
2024.03.29	00:23:53.560	1.65544	1.65647			6
2024.03.29	00:23:53.655	1.65542	1.65644			6
2024.03.29	00:23:54.067		1.65641			4
2024.03.29	00:23:54.280		1.65643			4
2024.03.29	00:23:55.060		1.65644			4
2024.03.29	00:23:56.098		1.65641			4
2024.03.29	00:23:56.396		1.65644			4
2024.03.29	00:23:56.876		1.65643			4
2024.03.29	00:23:57.280		1.65640			4
2024.03.29	00:23:58.086		1.65637			4
2024.03.29	00:24:01.206	1.65539	1.65631			6
2024.03.29	00:24:03.146	1.65545	1.65639			6
2024.03.29	00:24:06.564		1.65640			4
2024.03.29	00:24:06.638		1.65642			4
2024.03.29	00:24:06.975		1.65649			4
2024.03.29	00:24:07.286		1.65648			4
2024.03.29	00:24:07.478		1.65640			4
2024.03.29	00:24:07.666		1.65643			4
2024.03.29	00:24:09.071		1.65642			4
2024.03.29	00:24:09.481		1.65639			4
2024.03.29	00:24:09.891		1.65637			4
2024.03.29	00:24:09.988		1.65640			4
2024.03.29	00:24:10.077		1.65643			4
2024.03.29	00:24:10.288		1.65637			4
2024.03.29	00:24:10.383		1.65630			4
2024.03.29	00:24:10.472		1.65628			4
2024.03.29	00:24:10.597		1.65636			4
2024.03.29	00:24:11.892		1.65645			4
2024.03.29	00:24:12.086		1.65639			4
2024.03.29	00:24:12.208		1.65636			4
2024.03.29	00:24:12.388		1.65633			4
2024.03.29	00:24:12.599		1.65630			4
2024.03.29	00:24:13.122	1.65542	1.65632			6
2024.03.29	00:24:15.119		1.65635			4
2024.03.29	00:24:16.138		1.65638			4
2024.03.29	00:24:16.349	1.65550	1.65637			6
2024.03.29	00:24:17.148	1.65552				2
2024.03.29	00:24:17.326	1.65555				2
2024.03.29	00:24:18.047		1.65640			4
2024.03.29	00:24:18.137	1.65557	1.65641			6
2024.03.29	00:24:18.247		1.65638			4
2024.03.29	00:24:18.647		1.65639			4
2024.03.29	00:24:18.950	1.65558	1.65632			6
2024.03.29	00:24:19.164		1.65629			4
2024.03.29	00:24:19.347	1.65557	1.65622			6
2024.03.29	00:24:19.437		1.65627			4
2024.03.29	00:24:19.564		1.65634			4
2024.03.29	00:24:19.654		1.65642			4
2024.03.29	00:24:21.055		1.65643			4
2024.03.29	00:24:22.078		1.65645			4
2024.03.29	00:24:22.380		1.65642			4
2024.03.29	00:24:23.085		1.65647			4
2024.03.29	00:24:24.086		1.65640			4
2024.03.29	00:24:25.079	1.65558	1.65645			6
2024.03.29	00:24:25.297		1.65636			4
2024.03.29	00:24:25.477		1.65638			4
2024.03.29	00:24:26.086	1.65545	1.65635			6
2024.03.29	00:24:27.097		1.65632			4
2024.03.29	00:24:27.319		1.65629			4
2024.03.29	00:24:27.502		1.65627			4
2024.03.29	00:24:27.689		1.65632			4
2024.03.29	00:24:27.913		1.65636			4
2024.03.29	00:24:28.122		1.65638			4
2024.03.29	00:24:28.307	1.65547				2
2024.03.29	00:24:29.137		1.65641			4
2024.03.29	00:24:29.318		1.65636			4
2024.03.29	00:24:30.640		1.65633			4
2024.03.29	00:24:30.826		1.65636			4
2024.03.29	00:24:31.137		1.65638			4
2024.03.29	00:24:33.139		1.65635			4
2024.03.29	00:24:33.229		1.65633			4
2024.03.29	00:24:33.440		1.65627			4
2024.03.29	00:24:33.637		1.65621			4
2024.03.29	00:24:33.860		1.65617			4
2024.03.29	00:24:33.950		1.65626			4
2024.03.29	00:24:34.072		1.65632			4
2024.03.29	00:24:34.354		1.65633			4
2024.03.29	00:24:34.766		1.65630			4
2024.03.29	00:24:35.055		1.65632			4
2024.03.29	00:24:35.246		1.65630			4
2024.03.29	00:24:35.975	1.65545				2
2024.03.29	00:24:36.066		1.65629			4
2024.03.29	00:24:37.086		1.65626			4
2024.03.29	00:24:37.262		1.65627			4
2024.03.29	00:24:37.572		1.65623			4
2024.03.29	00:24:37.776		1.65621			4
2024.03.29	00:24:37.976		1.65614			4
2024.03.29	00:24:38.096		1.65619			4
2024.03.29	00:24:38.194		1.65622			4
2024.03.29	00:24:38.375		1.65624			4
2024.03.29	00:24:38.489		1.65630			4
2024.03.29	00:24:39.095		1.65633			4
2024.03.29	00:24:40.408		1.65630			4
2024.03.29	00:24:40.595		1.65624			4
2024.03.29	00:24:40.780		1.65620			4
2024.03.29	00:24:40.897	1.65547				2
2024.03.29	00:24:40.986		1.65615			4
2024.03.29	00:24:41.107		1.65616			4
2024.03.29	00:24:41.197	1.65545	1.65621			6
2024.03.29	00:24:41.385		1.65613			4
2024.03.29	00:24:41.696		1.65610			4
2024.03.29	00:24:42.108	1.65544	1.65605			6
2024.03.29	00:24:42.198	1.65545	1.65616			6
2024.03.29	00:24:42.319		1.65627			4
2024.03.29	00:24:42.714		1.65633			4
2024.03.29	00:24:42.905		1.65628			4
2024.03.29	00:24:43.025		1.65631			4
2024.03.29	00:24:43.116		1.65633			4
2024.03.29	00:24:43.328		1.65636			4
2024.03.29	00:24:43.518		1.65632			4
2024.03.29	00:24:43.721		1.65629			4
2024.03.29	00:24:44.326		1.65625			4
2024.03.29	00:24:44.418		1.65627			4
2024.03.29	00:24:44.621		1.65625			4
2024.03.29	00:24:46.142	1.65549	1.65624			6
2024.03.29	00:24:47.145		1.65626			4
2024.03.29	00:24:48.254		1.65621			4
2024.03.29	00:24:49.055		1.65618			4
2024.03.29	00:24:49.158		1.65620			4
2024.03.29	00:24:49.358		1.65623			4
2024.03.29	00:24:49.564		1.65620			4
2024.03.29	00:24:49.654		1.65624			4
2024.03.29	00:24:49.744		1.65633			4
2024.03.29	00:24:50.052		1.65632			4
2024.03.29	00:24:50.177		1.65635			4
2024.03.29	00:24:50.364		1.65633			4
2024.03.29	00:24:50.646		1.65635			4
2024.03.29	00:24:50.873		1.65633			4
2024.03.29	00:24:51.085		1.65632			4
2024.03.29	00:24:51.376		1.65627			4
2024.03.29	00:24:51.565		1.65629			4
2024.03.29	00:24:51.776		1.65630			4
2024.03.29	00:24:51.964		1.65629			4
2024.03.29	00:24:52.156		1.65630			4
2024.03.29	00:24:52.585		1.65624			4
2024.03.29	00:24:52.769		1.65627			4
2024.03.29	00:24:53.078		1.65626			4
2024.03.29	00:24:53.578	1.65547	1.65625			6
2024.03.29	00:24:53.698	1.65548	1.65629			6
2024.03.29	00:24:53.787		1.65634			4
2024.03.29	00:24:53.987		1.65631			4
2024.03.29	00:24:54.107		1.65634			4
2024.03.29	00:24:54.407		1.65635			4
2024.03.29	00:24:54.597	1.65547	1.65637			6
2024.03.29	00:24:54.884		1.65638			4
2024.03.29	00:24:55.096		1.65637			4
2024.03.29	00:24:55.278		1.65634			4
2024.03.29	00:24:55.498		1.65632			4
2024.03.29	00:24:56.086		1.65629			4
2024.03.29	00:24:56.515		1.65628			4
2024.03.29	00:24:56.616		1.65629			4
2024.03.29	00:24:57.117		1.65632			4
2024.03.29	00:24:57.201		1.65631			4
2024.03.29	00:24:58.114		1.65626			4
2024.03.29	00:24:58.327		1.65625			4
2024.03.29	00:24:58.419		1.65629			4
2024.03.29	00:24:58.635	1.65551	1.65626			6
2024.03.29	00:24:59.113		1.65628			4
2024.03.29	00:25:01.138	1.65551	1.65625			6
2024.03.29	00:25:02.155	1.65559	1.65624			6
2024.03.29	00:25:09.087		1.65632			4
2024.03.29	00:25:09.207		1.65644			4
2024.03.29	00:25:10.097	1.65553	1.65646			6
2024.03.29	00:25:10.497		1.65649			4
2024.03.29	00:25:10.683		1.65641			4
2024.03.29	00:25:12.117	1.65546	1.65642			6
2024.03.29	00:25:20.186	1.65547	1.65644			6
2024.03.29	00:25:24.195		1.65648			4
2024.03.29	00:25:24.407		1.65639			4
2024.03.29	00:25:24.587		1.65636			4
2024.03.29	00:25:24.808		1.65633			4
2024.03.29	00:25:36.376		1.65632			4
2024.03.29	00:25:36.565		1.65630			4
2024.03.29	00:25:36.780		1.65629			4
2024.03.29	00:25:36.990	1.65554	1.65636			6
2024.03.29	00:25:37.111		1.65642			4
2024.03.29	00:25:37.171	1.65551	1.65638			6
2024.03.29	00:25:37.291	1.65547	1.65647			6
2024.03.29	00:25:37.381		1.65644			4
2024.03.29	00:25:37.472		1.65642			4
2024.03.29	00:25:37.793		1.65641			4
2024.03.29	00:25:38.605		1.65638			4
2024.03.29	00:25:38.697		1.65642			4
2024.03.29	00:25:40.807		1.65639			4
2024.03.29	00:25:41.027		1.65635			4
2024.03.29	00:25:41.318		1.65639			4
2024.03.29	00:25:41.525		1.65635			4
2024.03.29	00:25:41.629		1.65638			4
2024.03.29	00:25:41.722		1.65644			4
2024.03.29	00:25:43.145		1.65642			4
2024.03.29	00:25:43.320		1.65628			4
2024.03.29	00:25:44.518		1.65627			4
2024.03.29	00:25:44.747		1.65629			4
2024.03.29	00:25:44.847		1.65626			4
2024.03.29	00:25:45.049		1.65623			4
2024.03.29	00:25:46.666		1.65626			4
2024.03.29	00:25:49.064		1.65632			4
2024.03.29	00:25:49.186	1.65550				2
2024.03.29	00:25:49.275		1.65630			4
2024.03.29	00:25:50.364		1.65632			4
2024.03.29	00:25:53.001		1.65633			4
2024.03.29	00:25:53.092		1.65624			4
2024.03.29	00:25:59.049	1.65551	1.65636			6
2024.03.29	00:25:59.151		1.65632			4
2024.03.29	00:26:00.145	1.65551	1.65630			6
2024.03.29	00:26:00.548		1.65626			4
2024.03.29	00:26:00.637		1.65630			4
2024.03.29	00:26:00.752		1.65627			4
2024.03.29	00:26:02.557	1.65550	1.65624			6
2024.03.29	00:26:02.677		1.65627			4
2024.03.29	00:26:03.176		1.65620			4
2024.03.29	00:26:03.384	1.65547	1.65617			6
2024.03.29	00:26:03.474		1.65622			4
2024.03.29	00:26:03.563	1.65548	1.65627			6
2024.03.29	00:26:03.684		1.65629			4
2024.03.29	00:26:03.873		1.65626			4
2024.03.29	00:26:04.083	1.65558	1.65629			6
2024.03.29	00:26:04.275		1.65626			4
2024.03.29	00:26:04.485		1.65629			4
2024.03.29	00:26:04.686		1.65624			4
2024.03.29	00:26:04.867	1.65557	1.65620			6
2024.03.29	00:26:04.985	1.65558	1.65624			6
2024.03.29	00:26:05.278		1.65627			4
2024.03.29	00:26:05.459		1.65626			4
2024.03.29	00:26:05.577		1.65627			4
2024.03.29	00:26:06.097		1.65630			4
2024.03.29	00:26:06.279	1.65557	1.65619			6
2024.03.29	00:26:06.399		1.65622			4
2024.03.29	00:26:06.476	1.65558	1.65627			6
2024.03.29	00:26:07.373		1.65626			4
2024.03.29	00:26:08.607		1.65630			4
2024.03.29	00:26:08.806		1.65627			4
2024.03.29	00:26:10.519	1.65557	1.65620			6
2024.03.29	00:26:10.809	1.65558	1.65627			6
2024.03.29	00:26:11.018		1.65626			4
2024.03.29	00:26:11.111		1.65627			4
2024.03.29	00:26:11.322		1.65626			4
2024.03.29	00:26:11.920		1.65624			4
2024.03.29	00:26:13.112	1.65557	1.65623			6
2024.03.29	00:26:13.347	1.65558	1.65624			6
2024.03.29	00:26:13.439		1.65626			4
2024.03.29	00:26:13.530	1.65557	1.65623			6
2024.03.29	00:26:14.148		1.65620			4
2024.03.29	00:26:14.237		1.65619			4
2024.03.29	00:26:14.359		1.65623			4
2024.03.29	00:26:14.562	1.65558	1.65627			6
2024.03.29	00:26:14.755	1.65557	1.65623			6
2024.03.29	00:26:15.155	1.65552	1.65626			6
2024.03.29	00:26:15.246		1.65624			4
2024.03.29	00:26:15.365	1.65553	1.65628			6
2024.03.29	00:26:15.457		1.65630			4
2024.03.29	00:26:15.557	1.65552	1.65623			6
2024.03.29	00:26:15.646		1.65624			4
2024.03.29	00:26:15.856		1.65626			4
2024.03.29	00:26:15.946	1.65553	1.65627			6
2024.03.29	00:26:16.156	1.65552	1.65624			6
2024.03.29	00:26:16.247	1.65553	1.65627			6
2024.03.29	00:26:16.466	1.65552	1.65626			6
2024.03.29	00:26:18.062		1.65624			4
2024.03.29	00:26:18.670		1.65626			4
2024.03.29	00:26:18.759		1.65621			4
2024.03.29	00:26:19.266		1.65623			4
2024.03.29	00:26:19.478		1.65612			4
2024.03.29	00:26:19.569		1.65621			4
2024.03.29	00:26:19.659		1.65623			4
2024.03.29	00:26:19.779	1.65553	1.65627			6
2024.03.29	00:26:19.970		1.65631			4
2024.03.29	00:26:20.778	1.65555	1.65633			6
2024.03.29	00:26:20.906	1.65566	1.65638			6
2024.03.29	00:26:20.995	1.65569	1.65641			6
2024.03.29	00:26:21.184		1.65643			4
2024.03.29	00:26:21.875	1.65566	1.65642			6
2024.03.29	00:26:22.118	1.65567				2
2024.03.29	00:26:23.815	1.65571	1.65643			6
2024.03.29	00:26:24.007	1.65569	1.65644			6
2024.03.29	00:26:24.219	1.65562	1.65635			6
2024.03.29	00:26:24.308	1.65555	1.65634			6
2024.03.29	00:26:24.519	1.65554	1.65633			6
2024.03.29	00:26:24.818	1.65559	1.65631			6
2024.03.29	00:26:24.918	1.65554	1.65633			6
2024.03.29	00:26:25.016	1.65553	1.65634			6
2024.03.29	00:26:25.227	1.65560	1.65637			6
2024.03.29	00:26:25.411	1.65565				2
2024.03.29	00:26:25.500	1.65569	1.65641			6
2024.03.29	00:26:25.718	1.65567	1.65642			6
2024.03.29	00:26:27.025	1.65564				2
2024.03.29	00:26:28.626	1.65563				2
2024.03.29	00:26:28.855	1.65564				2
2024.03.29	00:26:31.076	1.65566				2
2024.03.29	00:26:31.545	1.65568	1.65640			6
2024.03.29	00:26:31.664	1.65571	1.65644			6
2024.03.29	00:26:32.067		1.65643			4
2024.03.29	00:26:32.164	1.65566	1.65638			6
2024.03.29	00:26:32.579	1.65568	1.65640			6
2024.03.29	00:26:32.668	1.65571	1.65644			6
2024.03.29	00:26:32.879	1.65569	1.65641			6
2024.03.29	00:26:32.950	1.65567				2
2024.03.29	00:26:33.265	1.65568	1.65640			6
2024.03.29	00:26:33.478	1.65569	1.65643			6
2024.03.29	00:26:33.686	1.65568	1.65640			6
2024.03.29	00:26:33.886	1.65569	1.65641			6
2024.03.29	00:26:34.072		1.65643			4
2024.03.29	00:26:34.285	1.65566	1.65640			6
2024.03.29	00:26:34.768	1.65552	1.65612			6
2024.03.29	00:26:35.296		1.65608			4
2024.03.29	00:26:35.489		1.65609			4
2024.03.29	00:26:35.608		1.65612			4
2024.03.29	00:26:35.699		1.65617			4
2024.03.29	00:26:35.883		1.65620			4
2024.03.29	00:26:36.085		1.65621			4
2024.03.29	00:26:36.295	1.65553	1.65620			6
2024.03.29	00:26:36.580		1.65618			4
2024.03.29	00:26:36.994		1.65620			4
2024.03.29	00:26:37.114	1.65554	1.65626			6
2024.03.29	00:26:37.205	1.65557	1.65631			6
2024.03.29	00:26:37.413	1.65562	1.65634			6
2024.03.29	00:26:37.684	1.65560	1.65632			6
2024.03.29	00:26:38.625	1.65563	1.65635			6
2024.03.29	00:26:38.716	1.65565	1.65636			6
2024.03.29	00:26:39.327	1.65563	1.65635			6
2024.03.29	00:26:39.526	1.65562				2
2024.03.29	00:26:42.134	1.65561	1.65634			6
2024.03.29	00:26:43.148	1.65562	1.65635			6
2024.03.29	00:26:44.046	1.65566	1.65638			6
2024.03.29	00:26:44.233	1.65565	1.65637			6
2024.03.29	00:26:44.456	1.65566	1.65638			6
2024.03.29	00:26:45.077		1.65640			4
2024.03.29	00:26:45.266	1.65553	1.65631			6
2024.03.29	00:26:45.447		1.65626			4
2024.03.29	00:26:45.685	1.65552	1.65623			6
2024.03.29	00:26:46.147	1.65553	1.65626			6
2024.03.29	00:26:46.368		1.65624			4
2024.03.29	00:26:49.095		1.65623			4
2024.03.29	00:26:50.100	1.65554	1.65626			6
2024.03.29	00:26:50.190	1.65553	1.65623			6
2024.03.29	00:26:50.310		1.65624			4
2024.03.29	00:26:50.401		1.65617			4
2024.03.29	00:26:50.490		1.65630			4
2024.03.29	00:26:50.609		1.65627			4
2024.03.29	00:26:50.701		1.65637			4
2024.03.29	00:26:50.792		1.65633			4
2024.03.29	00:26:50.881		1.65637			4
2024.03.29	00:26:51.497	1.65552	1.65613			6
2024.03.29	00:26:51.596		1.65619			4
2024.03.29	00:26:51.705		1.65613			4
2024.03.29	00:26:51.984		1.65614			4
2024.03.29	00:26:53.226		1.65611			4
2024.03.29	00:26:53.316		1.65617			4
2024.03.29	00:26:53.407		1.65616			4
2024.03.29	00:26:53.625		1.65617			4
2024.03.29	00:26:53.717		1.65616			4
2024.03.29	00:26:54.305		1.65622			4
2024.03.29	00:26:54.425		1.65620			4
2024.03.29	00:26:54.608		1.65616			4
2024.03.29	00:26:55.228		1.65620			4
2024.03.29	00:26:55.348		1.65609			4
2024.03.29	00:26:55.529		1.65608			4
2024.03.29	00:26:55.650		1.65617			4
2024.03.29	00:26:55.741	1.65553	1.65620			6
2024.03.29	00:26:56.112		1.65621			4
2024.03.29	00:26:56.345		1.65618			4
2024.03.29	00:26:56.954		1.65626			4
2024.03.29	00:26:57.044	1.65554	1.65627			6
2024.03.29	00:26:57.135	1.65556				2
2024.03.29	00:26:57.348	1.65559	1.65631			6
2024.03.29	00:26:57.437	1.65563	1.65637			6
2024.03.29	00:26:57.557	1.65565				2
2024.03.29	00:26:57.620	1.65563				2
2024.03.29	00:27:00.062	1.65565				2
2024.03.29	00:27:01.767	1.65563	1.65636			6
2024.03.29	00:27:02.088		1.65637			4
2024.03.29	00:27:02.265		1.65636			4
2024.03.29	00:27:03.373		1.65637			4
2024.03.29	00:27:04.295	1.65565				2
2024.03.29	00:27:04.497	1.65566	1.65638			6
2024.03.29	00:27:07.086	1.65568	1.65641			6
2024.03.29	00:27:08.113	1.65569				2
2024.03.29	00:27:08.203	1.65568	1.65640			6
2024.03.29	00:27:14.443	1.65571	1.65644			6
2024.03.29	00:27:14.960	1.65568	1.65640			6
2024.03.29	00:27:19.271	1.65571	1.65644			6
2024.03.29	00:27:19.471	1.65569	1.65641			6
2024.03.29	00:27:19.591	1.65560	1.65633			6
2024.03.29	00:27:19.787	1.65556	1.65629			6
2024.03.29	00:27:19.907	1.65554	1.65628			6
2024.03.29	00:27:20.093	1.65553	1.65624			6
2024.03.29	00:27:20.396	1.65554	1.65626			6
2024.03.29	00:27:20.797	1.65553	1.65624			6
2024.03.29	00:27:23.846		1.65626			4
2024.03.29	00:27:24.547	1.65554				2
2024.03.29	00:27:24.638	1.65553	1.65620			6
2024.03.29	00:27:25.038		1.65623			4
2024.03.29	00:27:25.237		1.65620			4
2024.03.29	00:27:31.076		1.65618			4
2024.03.29	00:27:31.285		1.65617			4
2024.03.29	00:27:31.570		1.65614			4
2024.03.29	00:27:31.660	1.65552	1.65612			6
2024.03.29	00:27:31.781		1.65609			4
2024.03.29	00:27:31.875		1.65607			4
2024.03.29	00:27:32.265	1.65553	1.65644			6
2024.03.29	00:27:32.463		1.65640			4
2024.03.29	00:27:33.075		1.65642			4
2024.03.29	00:27:33.195		1.65640			4
2024.03.29	00:27:33.686		1.65642			4
2024.03.29	00:27:34.696		1.65639			4
2024.03.29	00:27:34.892		1.65642			4
2024.03.29	00:27:35.195		1.65645			4
2024.03.29	00:27:35.597		1.65648			4
2024.03.29	00:27:35.906		1.65644			4
2024.03.29	00:27:38.330	1.65552	1.65611			6
2024.03.29	00:27:38.923		1.65614			4
2024.03.29	00:27:40.126		1.65612			4
2024.03.29	00:27:41.144		1.65608			4
2024.03.29	00:27:42.057		1.65609			4
2024.03.29	00:27:42.266		1.65615			4
2024.03.29	00:27:42.559		1.65611			4
2024.03.29	00:27:43.048		1.65617			4
2024.03.29	00:27:43.154	1.65553	1.65618			6
2024.03.29	00:27:43.565		1.65620			4
2024.03.29	00:27:43.655		1.65621			4
2024.03.29	00:27:43.777	1.65554	1.65626			6
2024.03.29	00:27:43.867	1.65560	1.65633			6
2024.03.29	00:27:43.957	1.65563	1.65635			6
2024.03.29	00:27:45.076	1.65565	1.65636			6
2024.03.29	00:27:46.093	1.65566	1.65638			6
2024.03.29	00:27:46.183	1.65568	1.65639			6
2024.03.29	00:27:46.274	1.65567	1.65638			6
2024.03.29	00:27:46.394	1.65568	1.65639			6
2024.03.29	00:27:46.787		1.65641			4
2024.03.29	00:27:49.008	1.65565	1.65636			6
2024.03.29	00:27:49.098	1.65567	1.65638			6
2024.03.29	00:27:50.007	1.65568	1.65641			6
2024.03.29	00:27:52.213	1.65567	1.65638			6
2024.03.29	00:27:53.121	1.65568	1.65639			6
2024.03.29	00:27:53.423	1.65567	1.65638			6
2024.03.29	00:27:53.544	1.65561	1.65633			6
2024.03.29	00:27:53.634	1.65557	1.65629			6
2024.03.29	00:27:53.737	1.65553	1.65624			6
2024.03.29	00:27:53.826		1.65623			4
2024.03.29	00:27:54.053		1.65618			4
2024.03.29	00:27:54.340		1.65621			4
2024.03.29	00:27:54.459		1.65620			4
2024.03.29	00:27:54.956		1.65624			4
2024.03.29	00:27:55.047		1.65617			4
2024.03.29	00:27:55.138		1.65615			4
2024.03.29	00:27:55.446		1.65612			4
2024.03.29	00:27:55.536		1.65609			4
2024.03.29	00:27:55.656		1.65612			4
2024.03.29	00:27:55.748		1.65609			4
2024.03.29	00:27:56.148	1.65552	1.65608			6
2024.03.29	00:27:57.050		1.65609			4
2024.03.29	00:27:57.146		1.65611			4
2024.03.29	00:27:57.272		1.65614			4
2024.03.29	00:27:57.440		1.65612			4
2024.03.29	00:27:57.671		1.65608			4
2024.03.29	00:27:57.790		1.65611			4
2024.03.29	00:27:57.962		1.65612			4
2024.03.29	00:27:58.053		1.65609			4
2024.03.29	00:27:58.386		1.65608			4
2024.03.29	00:27:59.285		1.65614			4
2024.03.29	00:27:59.375		1.65612			4
2024.03.29	00:27:59.576		1.65609			4
2024.03.29	00:28:00.084	1.65552	1.65617			6
2024.03.29	00:28:00.193		1.65611			4
2024.03.29	00:28:00.283		1.65609			4
2024.03.29	00:28:01.270		1.65612			4
2024.03.29	00:28:01.605		1.65609			4
2024.03.29	00:28:01.669		1.65612			4
2024.03.29	00:28:01.800		1.65615			4
2024.03.29	00:28:01.899		1.65611			4
2024.03.29	00:28:03.302		1.65608			4
2024.03.29	00:28:03.596		1.65609			4
2024.03.29	00:28:04.216		1.65608			4
2024.03.29	00:28:04.287	1.65553	1.65612			6
2024.03.29	00:28:04.498		1.65611			4
2024.03.29	00:28:04.809		1.65612			4
2024.03.29	00:28:05.306		1.65615			4
2024.03.29	00:28:05.425		1.65609			4
2024.03.29	00:28:06.131		1.65666			4
2024.03.29	00:28:06.409		1.65655			4
2024.03.29	00:28:06.628		1.65657			4
2024.03.29	00:28:06.905		1.65652			4
2024.03.29	00:28:09.757	1.65548	1.65650			6
2024.03.29	00:28:11.065		1.65642			4
2024.03.29	00:28:12.071		1.65647			4
2024.03.29	00:28:12.254		1.65645			4
2024.03.29	00:28:12.349		1.65648			4
2024.03.29	00:28:12.747		1.65650			4
2024.03.29	00:28:12.976		1.65648			4
2024.03.29	00:28:13.066		1.65650			4
2024.03.29	00:28:15.265		1.65653			4
2024.03.29	00:28:15.696		1.65654			4
2024.03.29	00:28:15.776		1.65650			4
2024.03.29	00:28:16.684		1.65651			4
2024.03.29	00:28:16.908		1.65647			4
2024.03.29	00:28:16.997		1.65651			4
2024.03.29	00:28:21.135		1.65659			4
2024.03.29	00:28:22.137		1.65665			4
2024.03.29	00:28:25.370		1.65664			4
2024.03.29	00:28:25.566	1.65551	1.65665			6
2024.03.29	00:28:25.746		1.65664			4
2024.03.29	00:28:26.078	1.65548	1.65653			6
2024.03.29	00:28:27.074	1.65550	1.65658			6
2024.03.29	00:28:28.176	1.65556	1.65661			6
2024.03.29	00:28:28.276	1.65553	1.65658			6
2024.03.29	00:28:28.464	1.65556	1.65661			6
2024.03.29	00:28:29.081		1.65655			4
2024.03.29	00:28:29.287		1.65653			4
2024.03.29	00:28:29.790		1.65656			4
2024.03.29	00:28:30.093		1.65653			4
2024.03.29	00:28:31.906		1.65650			4
2024.03.29	00:28:36.124		1.65660			4
2024.03.29	00:28:36.335	1.65561	1.65662			6
2024.03.29	00:28:36.426		1.65665			4
2024.03.29	00:28:36.634	1.65563	1.65668			6
2024.03.29	00:28:38.256	1.65558	1.65665			6
2024.03.29	00:28:40.754		1.65664			4
2024.03.29	00:28:40.948		1.65662			4
2024.03.29	00:28:41.245		1.65665			4
2024.03.29	00:28:41.366		1.65662			4
2024.03.29	00:28:41.982		1.65664			4
2024.03.29	00:28:43.553		1.65665			4
2024.03.29	00:28:50.626		1.65658			4
2024.03.29	00:28:51.136	1.65553	1.65657			6
2024.03.29	00:28:52.147	1.65558	1.65656			6
2024.03.29	00:28:55.975	1.65556	1.65659			6
2024.03.29	00:28:56.065	1.65558	1.65660			6
2024.03.29	00:28:57.053	1.65561	1.65662			6
2024.03.29	00:28:57.280	1.65558	1.65660			6
2024.03.29	00:29:00.574	1.65561				2
2024.03.29	00:29:01.994		1.65667			4
2024.03.29	00:29:02.096		1.65657			4
2024.03.29	00:29:02.285		1.65660			4
2024.03.29	00:29:02.496		1.65657			4
2024.03.29	00:29:02.586		1.65663			4
2024.03.29	00:29:02.800		1.65657			4
2024.03.29	00:29:03.105		1.65654			4
2024.03.29	00:29:08.837	1.65535	1.65632			6
2024.03.29	00:29:08.957		1.65628			4
2024.03.29	00:29:09.234		1.65626			4
2024.03.29	00:29:09.847		1.65625			4
2024.03.29	00:29:10.057		1.65623			4
2024.03.29	00:29:15.285	1.65537	1.65626			6
2024.03.29	00:29:15.468		1.65623			4
2024.03.29	00:29:15.595	1.65541	1.65629			6
2024.03.29	00:29:15.774	1.65540	1.65622			6
2024.03.29	00:29:15.976	1.65541				2
2024.03.29	00:29:16.577		1.65617			4
2024.03.29	00:29:20.402	1.65544	1.65623			6
2024.03.29	00:29:20.497	1.65546	1.65625			6
2024.03.29	00:29:25.565	1.65544	1.65622			6
2024.03.29	00:29:26.071	1.65532	1.65619			6
2024.03.29	00:29:28.084	1.65530	1.65618			6
2024.03.29	00:29:30.084	1.65532	1.65619			6
2024.03.29	00:29:30.276	1.65533	1.65622			6
2024.03.29	00:29:31.594	1.65525	1.65613			6
2024.03.29	00:29:31.808	1.65527	1.65625			6
2024.03.29	00:29:31.907	1.65529	1.65627			6
2024.03.29	00:29:32.006	1.65526				2
2024.03.29	00:29:57.546	1.65524	1.65624			6
2024.03.29	00:30:00.095	1.65524	1.65611			6
2024.03.29	00:30:00.493	1.65526				2
2024.03.29	00:30:04.408	1.65527	1.65614			6
2024.03.29	00:30:09.446	1.65532	1.65615			6
2024.03.29	00:30:10.125	1.65537	1.65612			6
2024.03.29	00:30:11.145	1.65535	1.65610			6
2024.03.29	00:30:12.049	1.65536				2
2024.03.29	00:30:13.362	1.65531				2
2024.03.29	00:30:14.063	1.65533	1.65611			6
2024.03.29	00:30:15.075		1.65610			4
2024.03.29	00:30:15.254	1.65536	1.65601			6
2024.03.29	00:30:15.475	1.65534				2
2024.03.29	00:30:15.885	1.65536				2
2024.03.29	00:30:15.975	1.65541	1.65602			6
2024.03.29	00:30:17.077	1.65540	1.65600			6
2024.03.29	00:30:18.175	1.65539	1.65599			6
2024.03.29	00:30:19.119	1.65542	1.65603			6
2024.03.29	00:30:19.289	1.65540	1.65600			6
2024.03.29	00:30:20.083	1.65542	1.65603			6
2024.03.29	00:30:20.216	1.65538	1.65602			6
2024.03.29	00:30:20.295		1.65600			4
2024.03.29	00:30:21.104	1.65541	1.65603			6
2024.03.29	00:30:23.108	1.65542	1.65607			6
2024.03.29	00:30:24.116	1.65543	1.65606			6
2024.03.29	00:30:25.147	1.65549	1.65609			6
2024.03.29	00:30:25.957	1.65543	1.65603			6
2024.03.29	00:30:26.135		1.65604			4
2024.03.29	00:30:27.052	1.65541				2
2024.03.29	00:30:29.558	1.65539	1.65596			6
2024.03.29	00:30:30.263		1.65597			4
2024.03.29	00:30:30.654		1.65596			4
2024.03.29	00:30:40.518	1.65537				2
2024.03.29	00:30:40.637	1.65536	1.65593			6
2024.03.29	00:30:41.125	1.65537	1.65594			6
2024.03.29	00:30:42.059	1.65540	1.65584			6
2024.03.29	00:30:46.887	1.65546	1.65592			6
2024.03.29	00:30:46.976	1.65543	1.65587			6
2024.03.29	00:30:47.073		1.65589			4
2024.03.29	00:30:47.187	1.65544	1.65590			6
2024.03.29	00:30:48.086	1.65545	1.65591			6
2024.03.29	00:30:48.293		1.65594			4
2024.03.29	00:30:49.093	1.65548	1.65596			6
2024.03.29	00:30:49.299	1.65547	1.65594			6
2024.03.29	00:30:50.086	1.65548	1.65596			6
2024.03.29	00:30:50.404	1.65541	1.65586			6
2024.03.29	00:30:53.137	1.65545	1.65589			6
2024.03.29	00:30:56.120	1.65546	1.65590			6
2024.03.29	00:30:57.135	1.65545				2
2024.03.29	00:30:57.547	1.65543	1.65587			6
2024.03.29	00:30:59.082	1.65541	1.65590			6
2024.03.29	00:30:59.264	1.65546	1.65591			6
2024.03.29	00:30:59.584		1.65592			4
2024.03.29	00:30:59.965	1.65545	1.65589			6
2024.03.29	00:31:00.275	1.65543	1.65588			6
2024.03.29	00:31:00.450	1.65545	1.65589			6
2024.03.29	00:31:01.074		1.65591			4
2024.03.29	00:31:01.598		1.65600			4
2024.03.29	00:31:01.687	1.65537	1.65603			6
2024.03.29	00:31:01.792	1.65539				2
2024.03.29	00:31:02.084	1.65553	1.65597			6
2024.03.29	00:31:03.102	1.65545	1.65602			6
2024.03.29	00:31:03.721	1.65548	1.65607			6
2024.03.29	00:31:03.812	1.65549	1.65616			6
2024.03.29	00:31:03.991	1.65543	1.65624			6
2024.03.29	00:31:04.202	1.65546	1.65612			6
2024.03.29	00:31:04.396	1.65548	1.65615			6
2024.03.29	00:31:08.818	1.65546	1.65612			6
2024.03.29	00:31:11.135	1.65548	1.65619			6
2024.03.29	00:31:11.255	1.65543	1.65615			6
2024.03.29	00:31:11.436		1.65616			4
2024.03.29	00:31:11.556	1.65545				2
2024.03.29	00:31:14.063	1.65550				2
2024.03.29	00:31:14.557	1.65545				2
2024.03.29	00:31:15.077	1.65548	1.65610			6
2024.03.29	00:31:15.166		1.65612			4
2024.03.29	00:31:15.286		1.65613			4
2024.03.29	00:31:16.085	1.65549				2
2024.03.29	00:31:17.073	1.65552	1.65615			6
2024.03.29	00:31:17.193		1.65613			4
2024.03.29	00:31:18.088		1.65615			4
2024.03.29	00:31:20.104		1.65616			4
2024.03.29	00:31:21.307		1.65615			4
2024.03.29	00:31:24.647	1.65555				2
2024.03.29	00:31:30.490		1.65610			4
2024.03.29	00:31:31.081		1.65615			4
2024.03.29	00:31:33.071		1.65616			4
2024.03.29	00:31:34.599	1.65556	1.65612			6
2024.03.29	00:31:38.241		1.65611			4
2024.03.29	00:31:39.140		1.65610			4
2024.03.29	00:31:40.139		1.65613			4
2024.03.29	00:31:40.656	1.65563	1.65611			6
2024.03.29	00:31:40.747		1.65610			4
2024.03.29	00:31:45.177		1.65605			4
2024.03.29	00:31:48.195	1.65560				2
2024.03.29	00:31:49.304	1.65561	1.65606			6
2024.03.29	00:31:50.687	1.65557	1.65605			6
2024.03.29	00:31:51.104	1.65563				2
2024.03.29	00:31:54.149	1.65557	1.65607			6
2024.03.29	00:31:55.160	1.65554	1.65608			6
2024.03.29	00:31:56.129		1.65606			4
2024.03.29	00:31:58.074	1.65551	1.65604			6
2024.03.29	00:31:59.043	1.65554	1.65606			6
2024.03.29	00:32:01.078	1.65551	1.65604			6
2024.03.29	00:32:02.093	1.65558	1.65603			6
2024.03.29	00:32:04.409	1.65559	1.65604			6
2024.03.29	00:32:04.588	1.65561	1.65606			6
2024.03.29	00:32:04.806	1.65555				2
2024.03.29	00:32:05.108	1.65558				2
2024.03.29	00:32:06.117	1.65555				2
2024.03.29	00:32:07.107		1.65605			4
2024.03.29	00:32:10.154		1.65606			4
2024.03.29	00:32:11.122	1.65556	1.65608			6
2024.03.29	00:32:14.754	1.65562	1.65607			6
2024.03.29	00:32:14.875	1.65559	1.65594			6
2024.03.29	00:32:14.964		1.65591			4
2024.03.29	00:32:15.391	1.65558	1.65590			6
2024.03.29	00:32:16.682	1.65554	1.65591			6
2024.03.29	00:32:17.083	1.65514	1.65579			6
2024.03.29	00:32:17.172		1.65576			4
2024.03.29	00:32:17.391	1.65507	1.65564			6
2024.03.29	00:32:17.605		1.65562			4
2024.03.29	00:32:17.693	1.65504	1.65561			6
2024.03.29	00:32:18.195	1.65518	1.65570			6
2024.03.29	00:32:18.406	1.65516				2
2024.03.29	00:32:18.879	1.65539	1.65589			6
2024.03.29	00:32:18.999	1.65551	1.65590			6
2024.03.29	00:32:19.099	1.65547	1.65588			6
2024.03.29	00:32:19.189		1.65583			4
2024.03.29	00:32:19.279	1.65548	1.65586			6
2024.03.29	00:32:19.584	1.65546	1.65582			6
2024.03.29	00:32:21.118	1.65505	1.65562			6
2024.03.29	00:32:21.298	1.65507	1.65565			6
2024.03.29	00:32:22.126	1.65499	1.65557			6
2024.03.29	00:32:24.846	1.65501	1.65558			6
2024.03.29	00:32:25.254	1.65499	1.65557			6
2024.03.29	00:32:27.336	1.65497	1.65556			6
2024.03.29	00:32:28.059	1.65500	1.65558			6
2024.03.29	00:32:30.284	1.65498	1.65555			6
2024.03.29	00:32:31.171	1.65497	1.65554			6
2024.03.29	00:32:31.386	1.65495	1.65552			6
2024.03.29	00:32:31.574	1.65497	1.65555			6
2024.03.29	00:32:32.086	1.65495	1.65554			6
2024.03.29	00:32:34.102	1.65494	1.65552			6
2024.03.29	00:32:34.281	1.65495	1.65554			6
2024.03.29	00:32:35.130	1.65498				2
2024.03.29	00:32:35.310	1.65496				2
2024.03.29	00:32:37.523	1.65498				2
2024.03.29	00:32:37.613	1.65503	1.65557			6
2024.03.29	00:32:37.733	1.65501	1.65555			6
2024.03.29	00:32:39.137	1.65503	1.65557			6
2024.03.29	00:32:39.622	1.65504	1.65558			6
2024.03.29	00:32:40.333	1.65503	1.65557			6
2024.03.29	00:32:41.145		1.65558			4
2024.03.29	00:32:42.842	1.65501	1.65555			6
2024.03.29	00:32:43.074	1.65503	1.65557			6
2024.03.29	00:32:43.745	1.65504	1.65558			6
2024.03.29	00:32:43.865	1.65500	1.65553			6
2024.03.29	00:32:45.087	1.65499				2
2024.03.29	00:32:45.358	1.65502	1.65559			6
2024.03.29	00:32:45.597	1.65504				2
2024.03.29	00:32:46.089	1.65505	1.65562			6
2024.03.29	00:32:46.270	1.65504	1.65561			6
2024.03.29	00:32:47.080	1.65506	1.65564			6
2024.03.29	00:32:47.293	1.65507				2
2024.03.29	00:32:47.504	1.65520	1.65563			6
2024.03.29	00:32:48.104	1.65523	1.65567			6
2024.03.29	00:32:48.195	1.65522	1.65563			6
2024.03.29	00:32:48.582	1.65520				2
2024.03.29	00:32:49.095	1.65523	1.65566			6
2024.03.29	00:32:49.279	1.65522	1.65565			6
2024.03.29	00:32:50.114		1.65566			4
2024.03.29	00:32:51.628	1.65520	1.65563			6
2024.03.29	00:32:51.723	1.65522	1.65557			6
2024.03.29	00:33:03.399	1.65517	1.65552			6
2024.03.29	00:33:04.599		1.65553			4
2024.03.29	00:33:05.118		1.65549			4
2024.03.29	00:33:06.090		1.65548			4
2024.03.29	00:33:06.637	1.65525				2
2024.03.29	00:33:07.521	1.65540	1.65583			6
2024.03.29	00:33:08.120	1.65537				2
2024.03.29	00:33:08.546	1.65543				2
2024.03.29	00:33:08.833	1.65540				2
2024.03.29	00:33:09.043		1.65596			4
2024.03.29	00:33:09.133	1.65541				2
2024.03.29	00:33:09.338	1.65543	1.65598			6
2024.03.29	00:33:11.067	1.65548	1.65611			6
2024.03.29	00:33:11.157	1.65561	1.65624			6
2024.03.29	00:33:11.247	1.65568	1.65629			6
2024.03.29	00:33:11.457	1.65563	1.65626			6
2024.03.29	00:33:16.577		1.65621			4
2024.03.29	00:33:16.783	1.65558				2
2024.03.29	00:33:17.104	1.65561				2
2024.03.29	00:33:18.005	1.65558				2
2024.03.29	00:33:19.305	1.65557	1.65618			6
2024.03.29	00:33:19.523	1.65558	1.65620			6
2024.03.29	00:33:19.797	1.65557	1.65618			6
2024.03.29	00:33:20.325	1.65554	1.65615			6
2024.03.29	00:33:21.833	1.65549	1.65610			6
2024.03.29	00:33:21.934	1.65546	1.65608			6
2024.03.29	00:33:22.114	1.65544	1.65605			6
2024.03.29	00:33:22.317	1.65549	1.65608			6
2024.03.29	00:33:22.431	1.65544	1.65605			6
2024.03.29	00:33:22.827	1.65547	1.65608			6
2024.03.29	00:33:25.947	1.65548	1.65611			6
2024.03.29	00:33:26.155	1.65540	1.65604			6
2024.03.29	00:33:26.357	1.65538	1.65599			6
2024.03.29	00:33:26.556	1.65535				2
2024.03.29	00:33:27.065	1.65543	1.65607			6
2024.03.29	00:33:29.057	1.65545	1.65609			6
2024.03.29	00:33:30.077	1.65551	1.65612			6
2024.03.29	00:33:30.485	1.65543	1.65609			6
2024.03.29	00:33:31.091	1.65548	1.65612			6
2024.03.29	00:33:32.089	1.65551	1.65614			6
2024.03.29	00:33:33.103	1.65556	1.65617			6
2024.03.29	00:33:34.098	1.65553				2
2024.03.29	00:33:34.804	1.65545	1.65609			6
2024.03.29	00:33:34.926	1.65556	1.65619			6
2024.03.29	00:33:35.015	1.65558	1.65622			6
2024.03.29	00:33:35.195	1.65556	1.65619			6
2024.03.29	00:33:39.152	1.65563	1.65627			6
2024.03.29	00:33:39.625	1.65560				2
2024.03.29	00:33:40.136	1.65566				2
2024.03.29	00:33:40.351	1.65563				2
2024.03.29	00:33:42.045	1.65556	1.65624			6
2024.03.29	00:33:42.165		1.65625			4
2024.03.29	00:33:42.375	1.65554	1.65621			6
2024.03.29	00:33:42.865	1.65555	1.65601			6
2024.03.29	00:33:43.067	1.65556	1.65604			6
2024.03.29	00:33:43.156		1.65606			4
2024.03.29	00:33:44.064		1.65609			4
2024.03.29	00:33:46.265	1.65558				2
2024.03.29	00:33:46.482	1.65556	1.65616			6
2024.03.29	00:33:46.684	1.65553	1.65622			6
2024.03.29	00:33:46.804		1.65617			4
2024.03.29	00:33:47.104		1.65620			4
2024.03.29	00:33:48.095	1.65551	1.65617			6
2024.03.29	00:33:48.185	1.65549	1.65605			6
2024.03.29	00:33:49.114	1.65548	1.65597			6
2024.03.29	00:33:50.126	1.65550	1.65600			6
2024.03.29	00:33:51.533	1.65548	1.65597			6
